3017 5200
380 3378 388 3420 l
428 3405 435 3416 .

890 540 1005 635 §dt
1131 536 1337 615 Cur.
1392 532 1674 617 Senam
1725 537 1972 617 Coun.
2025 560 2124 617 ιη
2176 560 2354 620 nez
2409 521 2631 621 mrix'

884 716 1196 793 'vendum
1226 738 1778 817 quemcumque,
1831 741 2058 817 neque
2099 742 2260 794 cum
2302 720 2606 795 Ordines
2635 718 2816 817 suspi-

882 815 1168 890 cionem
1216 816 1323 889 sui
1366 814 1695 913 postulati
1725 816 2265 893 fundamentum
2309 818 2621 907 faciant,
2668 820 2814 891 ultra

881 914 1009 990 fibi
1064 910 1596 1000 concedendum
1624 970 1648 1005 ,
1711 940 1918 1015 quam
1984 915 2100 990 illa
2149 918 2218 991 se
2289 914 2627 991 extendat
2660 971 2682 1007 ,
2749 941 2817 990 ne

882 1014 1249 1089 ‚vindiciae
1282 1035 1451 1109 prae
1483 1011 1553 1086 se
1581 1010 1764 1087 ferat
1799 1012 2103 1111 speciem
2140 1014 2293 1089 talis
2319 1016 2462 1089 fine
2487 1014 2664 1113 justa
2688 1038 2816 1088 cau·

888 1109 961 1188 sa
1011 1111 1285 1209 injuria.
1358 1110 1562 1217 Quae
1602 1110 1942 1207 particula
1973 1168 1994 1202 ,
2063 1138 2478 1213 quamquam
2522 1112 2820 1209 majorem

884 1210 965 1285 in
1006 1208 1295 1285 modum
1332 1232 1700 1307 urgerem,
1727 1230 1805 1283 ut
1841 1208 1918 1285 ἃ
1941 1210 2126 1286 hanc
2160 1212 2275 1287 sua
2305 1212 2653 1289 Serenitas
2685 1234 2819 1287 con-

887 1308 1146 1385 cedere
1176 1364 1196 1397 ,
1259 1304 1336 1381 &
1394 1307 1471 1381 in
1535 1306 1914 1383 Ordinum'
1957 1306 2396 1386 sententiam
2448 1310 2552 1383 ire
2598 1311 2822 1401 vellet,

891 1434 1057 1485 cum
1114 1404 1481 1492 videretur
1549 1404 1868 1501 praefato
1927 1408 2144 1482 Praes
2135 1408 2224 1483 uli
2286 1408 2364 1485 <Sc
2425 1408 2822 1485 Willervalio

888 1504 1234 1603 aequitate
1271 1500 1350 1576 ἃ
1408 1500 1684 1575 ratione
1732 1503 1913 1595 niti,
1964 1503 2044 1579 δι
2085 1508 2270 1603 apud
2306 1507 2608 1583 Ordines
2652 1530 2821 1579 excu-

888 1602 1117 1679 sabilis
1129 1602 1364 1675 futura
1384 1656 1405 1691 ,
1434 1621 1563 1697 pro·
1583 1600 1739 1675 suae
1755 1602 2168 1677 serenitatis
2191 1608 2560 1683 voluntate
2577 1604 2821 1678 admista

889 1698 1071 1791 fuit,
1128 1698 1223 1772 fic
1272 1718 1349 1772 ut
1393 1694 1481 1771 ad
1521 1697 1868 1776 summam
1925 1700 2424 1779 naetationem
2472 1703 2647 1781 nihil
2688 1702 2823 1776 defi-

890 1798 1233 1887 deretur3
1280 1794 1359 1871 ὅτ
1406 1812 1853 1897 utrarumque
1895 1798 2199 1899 partium
2244 1804 2585 1877 Proceres
2621 1802 2825 1876 certis·

890 1898 1137 1973 fimam
1172 1894 1329 1971 fibi*
1348 1894 1919 1973 conciliationem
1965 1897 2044 1975 &
2077 1902 2539 1977 concordiam
2583 1899 2832 2000 promit·

892 2014 1133 2070 terent
1166 2049 1189 2084 ,
1259 1993 1574 2091 nihilque
1629 1994 2024 2097 dubitarent
2061 2054 2082 2089 ,
2202 1999 2318 2076 uin
2360 2024 2507 2101 pax
2555 1999 2646 2082 ad
2685 2000 2835 2073 hunc

894 2096 1189 2169 modum
1220 2092 1658 2193 transigenda
1687 2094 1946 2170 stabilis
1969 2096 2139 2172 effet
2203 2119 2431 2175 utura.

997 2193 1109 2271 Ex
1160 2218 1298 2291 quo
1342 2214 1505 2267 cum
1560 2216 1804 2268 omnes
1831 2250 1854 2285 ,
1923 2194 2043 2293 qui
2081 2196 2492 2293 praesentes
2545 2197 2840 2283 aderant,

892 2306 1048 2369 tum
1096 2290 1177 2367 ἃ
1214 2292 1329 2367 sua
1367 2291 1716 2367 Serenitas
1765 2290 2189 2393 [iugularem
2232 2293 2302 2368 se
2320 2293 2706 2391 percipere
2748 2318 2838 2370 vo·

897 2392 1244 2491 luptatem
1290 2388 1659 2464 manifeste
1704 2388 1783 2465 δε
1838 2410 2078 2467 mutua
2129 2416 2270 2467 con
2357 2394 2739 2467 atulatione
2765 2412 2834 2465 te-

897 2491 1259 2569 stabantur
1276 2515 1301 2583 3
1326 2486 1455 2565 nifi
1470 2484 1658 2589 quod
1671 2486 1791 2564 sua
1819 2486 2166 2565 Serenitas
2185 2516 2278 2589 po
2355 2494 2615 2565 Pacem
2645 2489 2829 2577 hanc,

897 2600 981 2668 ut
1006 2588 1196 2680 dixi,
1254 2609 1680 2687 conceptam
1701 2646 1724 2680 ,
1777 2615 1944 2671 cum
1981 2588 2327 2666 Auraicae
2365 2589 2711 2690 Principis
2743 2588 2830 2662 ad-

801 2683 813 2694 ’
896 2708 1195 2764 ventum
1220 2687 1692 2800 Antverpiam
1721 2687 2164 2784 intellexifl‘et
2192 2745 2216 2778 ,
2255 2690 2754 2765 dubitationem
2778 2685 2832 2760 &

898 2786 1289 2883 scrupulum
1350 2785 1530 2860 mihi
1579 2784 1933 2862 fatebatur
1985 2812 2073 2864 ex
2132 2783 2273 2863 hoc
2317 2784 2392 2862 se
2451 2789 2824 2886 concipere,

896 2885 1203 2980 allegans
1250 2875 1666 2994 religionem
1719 2880 1953 2960 Princi
2005 2885 2065 2958 is
2127 2883 2541 2963 Catholicae
2593 2906 2824 2961 contra-

892 2981 1116 3072 riam,
1166 2979 1606 3091 haereticum
1649 2981 1726 3058 &
1762 3006 1933 3058 aver
1965 3009 2084 3059 um
2125 2981 2330 3083 ipsius
2362 3011 2406 3062 a
2451 2987 2675 3088 Regia
2703 2985 2828 3062 Ma-

888 3079 1489 3184 ·jestateannnum
1509 3135 1533 3170 ,
1581 3081 1766 3156 fore·
1788 3083 1984 3158 enim
2015 3081 2405 3161 necess‘ario
2459 3088 2574 3162 vel
2621 3087 2693 3160 in
2721 3081 2828 3182 pri·

892 3180 1029 3258 mis
1061 3178 1560 3272 metuendum,
1609 3201 1702 3255 ne
1745 3179 1895 3294 ipso
1937 3181 2012 3258 in
2051 3181 2160 3258 his
2194 3184 2706 3283 perseverante.
2734 3181 2824 3256 du‘

815 3317 820 3322 ¹
891 3285 1127 3360 r'atura
1162 3301 1305 3353 non
1335 3277 1419 3352 fit
1461 3277 1866 3358 concordia.
1967 3283 2145 3358 Satis
2177 3281 2314 3358 effe
2362 3305 2611 3361 notum
2635 3340 2655 3373 ‚
2702 3275 2825 3379 quid

902 3379 1021 3456 ille
1059 3378 1392 3454 hactenus
1443 3383 1807 3454 turbarum
1849 3377 2163 3472 dederit,
2213 3381 2326 3456 uti
2377 3383 2753 3460 Hollandos
2776 3373 2833 3449 δι

910 3477 1251 3562 Zelandos
1285 3476 1373 3550 ad
1404 3478 1862 3556 rebellionem
1902 3478 2286 3555 concitarit
2310 3535 2333 3570 ‚
2389 3507 2598 3584 quam
2633 3475 2834 3556 Pacifi-

912 3575 1212 3652 cationis
1280 3575 1754 3652 Gandavenfis
1807 3577 2116 3652 incurius
2170 3578 2391 3657 fuerit
2458 3583 2837 3658 observator.

907 3677 993 3750 N
996 3697 1133 3748 unc
1161 3685 1378 3770 porro
1404 3729 1424 3765 ,
1480 3675 1532 3750 fi
1575 3675 1661 3750 in·
1685 3673 2152 3750 meditullium
2193 3683 2620 3775 provinciae
2650 3679 2729 3752 ab
2757 3697 2839 3749 ur·

915 3772 1123 3848 bibus
1165 3772 1584 3868 recipiatur,
1635 3772 1793 3847 fieri
1825 3771 2016 3870 poss'e
2041 3831 2062 3866 ,
2113 3797 2192 3849 ut
2243 3775 2324 3853 δι
2359 3781 2484 3854 has
2523 3780 2612 3856 ad
2655 3794 2845 3853 rerum

902 3890 1259 3947 novarum
1300 3871 1707 3944 molitiones
1737 3870 2084 3970 impellat,
2131 3873 2208 3948 ὅ(
2241 3875 2500 3953 harum
2549 3877 2847 3954 societate

908 3970 1214 4061 violata,
1264 3989 1431 4040 cum
1462 3963 1859 4060 videbitur,
1889 3995 2068 4069 pace
2091 4031 2112 4066 ‚
2141 3975 2410 4074 majore
2445 4002 2647 4075 quam
2679 3991 2853 4048 antea

916 4069 1219 4178 tumultu
1253 4063 1331 4142 ὅτ
1359 4068 1668 4164 procella
1707 4067 2102 4190 universum
2137 4075 2475 4172 Belgium
2513 4073 2854 4241 εοηεωὶἒεεξ
