3017 5200
786 4158 797 4202 l

842 540 981 629 178
1177 523 2484 604 CssrinrsScirzrr

840 708 929 781 ad
978 702 1511 778 innumerabiles
1553 700 1820 777 animas
1863 722 1990 797 per
2029 699 2228 775 istam
2275 698 2733 775 occasionem
2767 698 2858 773 in

838 803 1135 881 exitium
1202 800 1756 899 pertrahendas,
1828 797 2132 897 potestas
2197 798 2516 897 eripitur.
2631 799 2848 872 Reli*

838 927 1051 1005 quum
1096 926 1266 999 ergo
1328 917 1604 973 tantum
1657 898 1762 971 est
1788 952 1810 987 ,
1868 916 1948 972 ut
1995 900 2138 972 hoc
2179 920 2462 997 quoque
2505 894 2850 971 ostenda-

836 1028 1039 1093 mus,
1089 1000 1279 1073 illam
1327 997 1546 1096 ipsam
1583 1054 1606 1087 ,
1659 1021 1870 1093 quam
1911 996 2348 1095 quaerimus,
2397 995 2852 1085 vistoriam,

838 1106 1051 1199 longe
1096 1098 1594 1194 minus,quam
1639 1096 1840 1170 nobis
1879 1096 2374 1192 persuademus
2403 1095 2530 1187 ,ad
2557 1118 2846 1191 propo-

841 1202 1040 1275 sitam
1088 1197 1293 1271 nobis
1342 1218 1467 1292 per
1517 1196 1706 1269 illam
1746 1194 2171 1287 utilitatem,
2218 1197 2358 1269 hoc
2398 1192 2536 1285 est,
2588 1192 2690 1265 ad
2723 1192 2846 1264 se-

843 1300 1109 1373 &tarum
1160 1288 1776 1391 exstirpationem,
1829 1292 2226 1367 habituram
2271 1292 2407 1367 effe
2449 1293 2844 1367 momenti.

845 1394 1389 1472 Innumerabiles
1431 1393 1716 1491 quidem
1775 1412 1863 1467 ex
1920 1392 2243 1469 sectariis
2293 1392 2372 1467 δε
2405 1393 2675 1465 bellum
2712 1394 2840 1465 ab·

848 1493 1215 1593 sumpserit
1237 1550 1255 1582 ,
1286 1490 1365 1565 <St
1391 1490 1563 1589 fuga
1595 1490 1666 1564 in
1695 1490 1858 1563 alias
1887 1490 2218 1587 regiones
2243 1490 2594 1587 expulerit
2615 1546 2637 1579 ,
2680 1512 2836 1563 cer-

845 1614 1001 1693 tum
1034 1590 1488 1667 nihilominus
1521 1589 1664 1673 est,
1713 1589 2048 1687 plurimos
2093 1612 2220 1689 per
2251 1587 2722 1665 Hollandiam
2757 1588 2838 1663 δι

846 1690 1253 1768 zelandiam
1287 1747 1308 1781 ,
1362 1689 1746 1786 permultos
1801 1688 2018 1762 etiam
2057 1689 2133 1761 in
2187 1688 2474 1785 reliquis
2527 1686 2840 1761 Provin-

848 1792 1018 1880 ciis,
1070 1809 1277 1887 atque
1312 1788 1391 1863 in
1418 1788 1506 1861 iis
1547 1786 1948 1885 praesertim
1995 1787 2200 1876 locis,
2262 1788 2385 1859 ubi
2423 1786 2836 1861 Conciones

847 1890 927 1965 ἃ
956 1890 1219 1985 templa
1257 1888 1651 1960 habuerunt
1687 1942 1708 1973 ,
1774 1885 1845 1958 in
1888 1886 2020 1959 suis
2062 1885 2453 1959 haeresibus
2496 1909 2826 1983 perman·

844 1989 1081 2063 suros:
1118 1986 1542 2083 quicumque
1590 2009 1764 2080 ergo
1801 1984 2048 2081 reliqui
2087 1983 2306 2057 futuri
2343 1982 2504 2059 sunt
2527 2042 2549 2075 ,
2571 1985 2827 2083 suppli-

848 2087 1119 2160 ciorum
1150 2104 1344 2157 metu
1378 2082 1716 2180 compulsi
1755 2139 1776 2171 ,
1826 2083 1916 2155 ad
1965 2082 2301 2158 haeresim
2340 2086 2562 2156 etiam
2603 2084 2825 2182 hypo·-

816 2184 1051 2261 ‘crifin
1098 2183 1437 2280 adjicient
1470 2237 1491 2269 ,
1563 2180 1758 2253 domi
1821 2182 2160 2256 nimirum
2201 2202 2411 2279 atque
2468 2183 2548 2256 in
2596 2185 2832 2256 animo

844 2303 1205 2383 tamquam
1252 2282 1519 2355 summa
1553 2279 1920 2379 sacrilegia
1971 2301 2430 2371 execrantes,
2483 2306 2672 2379 quae
2695 2282 2832 2355 sese

848 2382 1213 2457 nobiscum
1261 2382 1493 2455 colere
1555 2382 1784 2477 palam
1859 2380 2270 2453 simulabunt
2321 2378 2398 2454 ἀ
2447 2400 2830 2477 propterea

846 2481 1147 2583 publicis
1210 2478 1590 2555 haereticis
1647 2480 1863 2577 longe
1920 2478 2140 2554 futuri
2203 2478 2360 2555 sunt
2422 2480 2830 2555 deteriores.-

848 2580 1159 2656 Carituri
1194 2604 1471 2678 quoque
1502 2576 1718 2650 iidem
1769 2578 1928 2652 sunt
1975 2577 2277 2675 publicis
2315 2578 2828 2668 ConcionibuS,

847 2682 965 2755 sed
1012 2681 1268 2776 absque
1318 2676 1761 2750 dubitatione
1823 2677 2135 2751 habituri
2183 2674 2264 2752 ὅτ
2319 2677 2829 2782 frequentaturi

847 2779 1007 2852 sunt
1041 2777 1337 2850 secretas
1370 2831 1393 2866 ,
1442 2801 1483 2847 a
1519 2776 1810 2874 quibus,
1857 2799 2002 2850 non
2032 2775 2302 2868 minus,
2353 2795 2435 2851 ut
2466 2777 2828 2876 experien-

844 2879 948 2950 tia
984 2876 1275 2972 probat,
1303 2898 1510 2970 quam
1546 2873 1596 2945 fi
1627 2873 1955 2971 publicae
1985 2874 2159 2966 sint,
2181 2878 2642 2968 nocentibus,
2677 2877 2832 2948 nul-

847 2977 919 3056 lo
947 2996 1272 3072 umquam
1300 2989 1624 3067 tempore
1643 3027 1664 3063 ,
1713 2973 1896 3046 nulla
1925 2972 2160 3047 nostra
2191 2974 2551 3072 diligentia
2571 3033 2592 3065 ,
2627 2966 2838 3049 nullo

844 3071 1346 3171 suppliciorum
1414 3089 1611 3144 metu
1657 3069 2155 3148 abstinuerunt.
2255 3073 2396 3148 His
2449 3099 2667 3172 porro
2727 3074 2836 3147 ita

850 3173 994 3249 sese
1045 3169 1461 3248 habentibus
1491 3225 1514 3258 ,
1575 3169 1724 3267 quis
1790 3171 1986 3246 Deus
2031 3169 2310 3246 securos
2353 3197 2480 3247 nos
2529 3172 2832 3247 reddere

778 3339 781 3342 ,
852 3271 1121 3370 poterit
1148 3327 1171 3358 ,
1221 3271 1443 3344 latens
1472 3269 1615 3342 hoc
1647 3269 2102 3360 incendium,
2153 3271 2314 3366 post
2352 3271 2539 3346 hanc
2578 3272 2826 3346 saltem

851 3371 1257 3446 Viditoriam
1284 3368 1823 3466 opprimendum
1856 3426 1878 3459 ,
1931 3393 2096 3446 cum
2144 3369 2306 3443 illae
2345 3370 2536 3468 ipsae
2583 3369 2830 3445 causae

853 3489 1185 3545 maneant
1206 3525 1224 3557 ,
1261 3487 1550 3564 propter
1573 3492 1736 3565 quas
1771 3487 2002 3544 tantas
2041 3468 2263 3558 vires»,
2312 3491 2398 3543 ac
2425 3489 2622 3544 tanta
2643 3470 2830 3544 sem-

853 3591 978 3663 per
1009 3566 1087 3641 &
1124 3568 1395 3663 ubique
1428 3566 1753 3662 accipere
1791 3568 1964 3641 solet
2015 3566 2475 3646 incrementa.
2575 3570 2832 3644 Mane-

850 3666 960 3738 bit
1002 3665 1249 3740 eadem
1278 3667 1351 3738 in
1388 3663 1519 3738 illis
1552 3665 1987 3760 pertinacia,
2033 3665 2302 3758 nostra,
2348 3687 2431 3742 ut
2469 3667 2569 3741 illi
2618 3667 2832 3741 inter-

854 3784 1223 3862 pretantur
1259 3821 1280 3854 ,
1352 3763 1425 3836 in
1482 3763 1632 3842 illos
1687 3764 1886 3839 autsta
1943 3765 2374 3841 crudelitate.
2492 3766 2834 3840 Manebit

854 3861 1105 3935 eadem
1168 3863 1241 3935 in
1286 3860 1426 3932 illis
1466 3859 1838 3956 spargendi
1878 3861 1982 3935 sui
2032 3861 2104 3938 in
2149 3863 2322 3938 alios
2371 3866 2640 3940 veneni
2685 3863 2840 3938 dili·

850 3960 1138 4057 gentia3
1192 3959 1574 4037 manebunt
1611 3958 1818 4032 libelli
1842 3961 2000 4059 ,qui
2024 3979 2410 4062 ,tamquam
2445 3964 2626 4040 muti
2665 3985 2838 4036 con·

846 4058 1244 4136 cionatores
1263 4113 1285 4148 ‚
1330 4069 1523 4130 arma
1553 4056 1686 4133 illis
1715 4054 1793 4134 &
1823 4060 1912 4135 ad
1945 4059 2018 4135 se
2049 4062 2615 4158 confirmandos,
2647 4061 2724 4136 ἃ
2753 4058 2842 4132 ad

2669 4160 2841 4234 alios
