3017 5200
879 501 1014 587 168
1217 460 1869 575 cisrinx's
1972 494 2489 618 S‘cnzrr

871 688 986 753 'tua
1035 698 1308 774 quoque
1359 672 1657 769 piissima
1713 669 2045 766 Majestas
2096 673 2222 744 has
2274 672 2577 746 miserias
2614 678 2657 761 ς’
2704 670 2826 747 has

869 780 1210 851 bonorum
1251 770 1767 845 catholicorum
1814 768 2101 867 injurius
2137 784 2181 859 ;‘
2214 771 2389 845 banc
2422 770 2821 844 Catholicae

867 868 1268 969 Religionis
1305 868 1640 965 jacturam
1666 884 1875 957 tante
1918 868 2157 941 oculos
2196 868 2495 957 bahem,
2532 888 2821 965 propter

867 971 1045 1045 haec
1093 990 1367 1065 quoque
1399 1024 1419 1055 ‚
1473 966 1781 1037 animum
1824 964 1909 1037 ad
1960 966 2255 1057 Pacem,
2320 990 2495 1062 quae
2545 966 2824 1061 serpens

871 1069 1014 1145 hoc
1056 1063 1459 1138 incendium
1507 1060 1687 1137 fistat
1727 1120 1747 1153 ‚
1810 1062 1887 1135 ὅτ
1926 1060 2207 1157 quidem
2268 1066 2553 1139 celerius
2596 1062 2824 1137 confi·

873 1166 1200 1241 ciendam
1233 1158 1539 1258 adjicere
1582 1161 1815 1235 debet.
1918 1160 2227 1260 Quint03
2267 1161 2612 1256 Majestati
2656 1154 2827 1231 tuae

873 1286 1020 1338 non
1055 1260 1347 1349 minori,
1399 1272 1605 1357 quam
1640 1259 1896 1355 reliqua
1918 1312 1937 1345 ,
1972 1258 2339 1354 diligentia
2386 1259 2827 1333 consideran-

877 1362 1086 1450 dum,
1133 1356 1346 1453 ipsam
1375 1360 1649 1453 plenam
1672 1413 1693 1445 ,
1714 1378 1921 1453 quam
1964 1358 2155 1433 votis
2184 1357 2501 1433 omnibus
2534 1376 2825 1451 exopta-

874 1482 1028 1533 mus
1057 1514 1077 1545 ,
1143 1454 1222 1531 δε
1271 1480 1407 1551 quo
1451 1477 1693 1528 omnes
1749 1451 2022 1529 nostros
2074 1476 2361 1529 conatus
2412 1454 2830 1550 dirigimus,

875 1554 1265 1630 Victoriam
1301 1571 1578 1626 tantum
1623 1550 2168 1647 graviffimorum
2204 1556 2539 1629 malorum
2568 1575 2829 1650 agmen

868 1654 1098 1744 seeum
1135 1652 1390 1727 habere
1438 1649 1886 1745 conjuncium
1923 1706 1944 1739 ‚
1992 1648 2070 1723 δι
2110 1670 2253 1725 tam
2288 1651 2579 1725 dubium
2620 1671 2833 1747 atque

865 1774 1124 1847 anceps
1155 1750 1356 1823 nobis
1399 1746 1779 1843 relinquere
1826 1748 1995 1823 illud
2036 1747 2258 1845 ipsum
2286 1751 2586 1840 bonum,
2636 1746 2832 1845 quod

868 1873 996 1951 per
1041 1872 1199 1923 eam
1239 1850 1398 1919 'nos
1428 1924 1432 1931 ,
1465 1846 1962 1919 consecuturos
2026 1848 2438 1921 confidimus
2474 1904 2495 1933 ,
2564 1866 2647 1923 ut
2702 1846 2833 1918 hae

798 1973 814 1990 ·
871 1947 1084 2021 etiam
1135 1946 1222 2021 de
1272 1942 1468 2017 causa
1516 1944 1603 2015 ad
1644 1946 1896 2017 Pacem
1937 1945 2248 2020 animum
2276 1946 2709 2057 adjungere,
2757 1942 2829 2017 ἃ

869 2045 1008 2133 illa,
1037 2066 1210 2141 quae
1252 2066 1379 2115 nos
1413 2059 1707 2113 movent
1732 2095 1753 2129 ‚
1794 2041 2245 2116 incommoda
2276 2046 2565 2117 minoris
2594 2042 2827 2116 facere

869 2138 1000 2215 n'os
1047 2160 1370 2237 oporteat
1408 2196 1429 2229 ‚
1479 2160 1569 2211 ne
1615 2161 1739 2233 per
1788 2137 1953 2211 talia
1994 2140 2229 2213 media
2276 2143 2362 2215 ad
2398 2141 2826 2238 propofitum

870 2237 1076 2321 nobis
1114 2240 1372 2311 bonurn
1411 2292 1432 2325 ‚
1481 2235 1670 2333 quod
1716 2234 1928 2309 etiam
1968 2234 2305 2335 opinione
2356 2240 2599 2314 nostra
2642 2239 2823 2313 futu-

861 2362 1021 2413 rum
1067 2335 1166 2409 est
1219 2336 1447 2409 minus
1488 2391 1506 2417 ,
1569 2334 1855 2413 tendere
1914 2360 2272 2432 cogamur.
2368 2340 2566 2411 Cum
2620 2337 2826 2435 igitur

870 2437 1074 2533 hujus
1117 2457 1390 2531 quoque
1417 2511 1426 2519 ,
1456 2430 1697 2505 causae
1756 2432 2215 2509 consideratio
2266 2435 2673 2533 dignissima
2710 2435 2819 2520 fit,

868 2558 1046 2633 quae
1099 2526 1731 2609 Christianiffimum
1792 2527 2183 2629 Majest'atis
2244 2552 2408 2610 tuae
2451 2534 2701 2630 pectus
2742 2532 2823 2606 ad

871 2631 1420 2706 misericordiam
1473 2628 1899 2724 &proinde
1944 2630 2033 2703 ad
2068 2633 2320 2708 Pacem
2366 2634 2820 2731 yehementct

867 2730 1223 2816 emolliat,
1273 2751 1525 2824 operae
1552 2728 1856 2822 pretium
1884 2729 2175 2804 omnino
2210 2731 2351 2804 esse
2392 2731 2563 2804 duxi
2604 2786 2625 2818 ,
2674 2751 2823 2826 per-

863 2828 1105 2924 spicua
1131 2827 1276 2920 ejus
1309 2825 1821 2922 explicatione,
1872 2825 2046 2901 haec
2094 2827 2322 2903 nostra
2370 2853 2497 2925 pro
2532 2830 2667 2901 hac
2700 2831 2821 2900 Pa-

873 2949 958 3006 ce
1009 2945 1420 3020 argumenta
1479 2923 1920 3001 concludere.
2038 2925 2649 3002 Praetermittimus
2702 2947 2830 2994 au-

873 3043 1018 3099 tem
1059 3023 1131 3096 in
1165 3020 1548 3118 praesentia
1592 3044 1676 3092 ea
1728 3024 1908 3095 mala
1938 3079 1959 3113 ‚
2006 3048 2225 3120 quae,
2268 3025 2548 3100 durante
2597 3021 2829 3109 bello,

877 3145 1090 3219 atque
1126 3139 1288 3198 ante
1322 3118 1713 3196 Victoriam
1745 3175 1766 3208 ‚
1816 3121 2221 3196 Catholicae
2258 3143 2565 3220 quoque,
2614 3137 2827 3218 atque

761 3215 768 3224 ’
877 3222 955 3298 in
989 3218 1396 3294 obedientia
1440 3216 1519 3298 ὃς
1556 3217 1697 3290 fide
1741 3219 2135 3390 Magestatis
2170 3241 2331 3294 tuae
2385 3219 2825 3318 perseveran-

879 3339 989 3394 tes
1047 3317 1438 3403 Civitates3
1491 3339 1801 3414 quaeque
1888 3319 2199 3392 ortiffimi
2238 3318 2345 3394 tui
2409 3318 2695 3406 milites3
2736 3339 2826 3387 ac

883 3437 1005 3492 tua
1025 3416 1238 3499 secuti
1261 3415 1563 3512 auspicia
1574 3416 1935 3490 Catholici
1966 3417 2317 3507 Procnes,
2344 3413 2645 3494 Nobiles
2664 3471 2685 3503 ‚
2712 3433 2825 3484 at·

875 3539 1016 3611 que
1051 3515 1170 3592 alii
1227 3516 1461 3601 cives,
1496 3513 1875 3588 necess‘ario
1906 3514 2131 3590 subire
2170 3538 2559 3613 cogentur:
2606 3537 2835 3612 quam-

881 3611 996 3684 vis
1025 3613 1212 3684 enim
1255 3613 1430 3684 haec
1462 3613 1647 3684 nullo
1686 3613 1907 3705 modo
1942 3613 2071 3687 fint
2122 3614 2673 3701 contemnenda,
2722 3636 2839 3684 ne·

885 3733 1020 3806 que
1061 3711 1312 3804 absque
1345 3710 1617 3782 summo
1640 3710 1885 3786 dolore
1915 3765 1934 3796 ‚
1990 3731 2141 3786 tum
2186 3735 2477 3810 propter
2512 3737 2679 3800 θος,
2722 3711 2839 3805 qui

887 3806 961 3882 in
1005 3806 1132 3878 hac
1169 3807 1368 3880 causa
1398 3807 1731 3880 omnibus
1775 3809 1975 3882 bonis
2004 3811 2215 3884 ‘exuti
2242 3811 2430 3900 sunt,
2486 3811 2599 3884 vel
2632 3808 2841 3882 etiam

879 3901 1281 4008 perierunt3
1335 3925 1484 3976 tum
1514 3907 1606 3976 ob
1638 3927 1761 3976 eos
1790 3929 2059 4004 quoque
2082 3965 2102 3996 ,
2138 3903 2367 4007 quiin
2402 3909 2717 4006 praeliis,
2766 3906 2848 3979 in

885 4001 1160 4088 urbium
1193 4001 1873 4102 expugnationibus,
1926 4025 2136 4105 atque
2180 4007 2329 4086 aliis
2376 4006 2643 4084 casibus
2668 4003 2853 4112 peri:

2616 4131 2624 4136 ·
2714 4123 2853 4178 tun
