3017 5200
645 3831 657 3874 Ι

1630 514 2053 622 (16⁸)

824 702 1062 787 ‘Sitque
1108 701 1260 771 licet
1295 702 1508 789 nigra·
1551 710 1765 779 versus
1807 718 2003 784 modo
2042 738 2280 815 eoi-vus
2312 725 2375 793 in
2402 730 2539 799 'aias
2560 782 2585 818 ,

931 794 1252 894 Laurigeri
1289 810 1482 894 jactet
1527 813 1593 880 se
1638 834 1847 887 tamen
1884 824 2010 889 ess'e
2055 826 2205 894 Dei.

842 911 988 981 Nec
1028 915 1172 985 fore
1211 936 1542 1004 pei-petuas
1578 924 1781 1009 sperat
1824 930 1933 997 fibi
1980 935 2257 1003 numinis
2306 937 2472 1045 itaq,

919 1024 1191 1093 Nescius
1242 1028 1308 1095 in
1360 1031 1549 1115 culpa
1590 1035 1873 1104 criminis
1916 1040 2047 1123 ipse
2092 1041 2219 1109 sua.

749 1112 756 1119 ’
844 1137 1022 1223 Ergo
1050 1139 1315 1225 sequor,
1350 1160 1472 1209 nec
1505 1162 1617 1211 eno
1654 1148 1953 1229 posthaec
1987 1154 2104 1218 tibi
2140 1176 2375 1247 pompa
2405 1168 2657 1253 pudori,

921 1248 1307 1317 Turbabunt
1355 1252 1564 1317 nullos
1611 1258 1866 1323 nomina
1911 1258 2115 1327 nostra
2162 1262 2357 1336 Deos.

844 1354 990 1423 Nec
1035 1377 1240 1426 tamen
1281 1360 1525 1427 inficiat
1566 1362 1727 1429 bene
1768 1382 1833 1433 te
1872 1371 2497 1464 monuiffe·sodales,

918 1466 1066 1535 Esse
1107 1466 1262 1536 haec
1301 1468 1513 1536 herois
1544 1474 1939 1545 attribuenda
1977 1480 2155 1549 viris.
2206 1526 2213 1533 -

841 1568 990 1641 Tali
1033 1554 1325 1657 equidem
1353 1571 1569 1642 fateor
1597 1576 1862 1647 debebas
1888 1580 2146 1649 caesara
2186 1585 2361 1653 dono
2372 1632 2398 1669 ‚

915 1683 1346 1751 saxoniumve
1387 1685 1503 1750 tibi
1544 1686 1913 1755 demeruiss'e
1953 1690 2228 1761 Ducem.
2578 1768 2585 1775 ,

829 1796 1132 1887 Quemve
1172 1797 1358 1863 habet
1390 1780 1785 1865 Austriacum
1816 1802 2138 1872 nemorosa
2169 1810 2429 1901 Boemia
2458 1838 2723 1907 regem,

923 1909 1222 2003 Quemve
1267 1909 1430 1977 colit
1468 1911 1657 1977 variis
1696 1907 1907 1977 He‘ffia
1956 1914 2117 1997 pista
2146 1922 2331 2004 jugis.

829 2016 954 2083 Seu
981 2036 1139 2101 quos
1164 2018 1426 2101 antiquo
1457 2033 1745 2083 veterum
1780 2020 1859 2083 de
1894 2018 2221 2091 stemmate
2258 2048 2518 2118 regum,

910 2124 1284 2207 suppeditat
1325 2124 1585 2205 iuvenes
1634 2125 1953 2197 Teutonis
2005 2152 2116 2199 ora
2166 2138 2334 2222 tibi.-

831 2234 962 2325 Qui
1001 2246 1296 2317 poterant
1336 2232 1500 2317 larga
1534 2228 1902 2332 diffundere·
1942 2258 2201 2310 munera
2233 2249 2455 2319 dextra
2474 2304 2501 2339 ‚

915 2344 1319 2429 Praemiaque
1361 2344 1603 2411 invidio
1645 2346 1833 2431 digna
1878 2350 2097 2421 labore
2140 2358 2301 2428 dare.

824 2449 966 2535 Ipse
1014 2465 1219 2515 tamen
1267 2467 1490 2529 vereor
1535 2450 1779 2535 (liceat
1822 2455 2011 2527 mo'do
2058 2479 2204 2551 vera
2245 2456 2493 2556 fateri)

903 2552 1010 2622 Ne
1053 2557 1318 2624 nimium
1363 2556 1572 2625 herois
1610 2556 1739 2625 effe
1778 2578 2071 2646 putemus
2108 2586 2303 2654 opus:

824 2663 1142 2746 Purpura,
1187 2667 1249 2734 dc
1295 2667 1529 2734 auratis
1574 2667 1961 2738 circumdata
2001 2679 2169 2744 colla
2210 2689 2523 2774 cateniS,'

907 2775 994 2840 Et
1038 2773 1186 2839 dare
1221 2791 1377 2859 quae
1416 2775 1613 2844 fallax
1652 2781 1826 2845 curia
1872 2785 2061 2852 verba
2105 2785 2307 2875 solet,

817 2885 1086 2968 Scilicet
1132 2884 1352 2969 ignaro
1395 2889 1624 2970 poffint
1669 2891 1996 2978 imponere
2044 2900 2275 2987 vuig0,

787 3073 793 3078 ,
905 2993 1026 3060 Sed
1069 3011 1186 3058 nos
1233 2992 1400 3060 hunc
1445 2990 1669 3062 fucum
1726 3001 2021 3070 novimus
2062 3008 2189 3074 effe
2232 3013 2411 3083 nihil.
2502 3031 2509 3040 ·

820 3097 1034 3166 Credo
1061 3101 1393 3187 equidem,
1417 3117 1772 3190 'pot-erant,
1814 3107 1917 3176 sed
1947 3113 2092 3196 quid
2126 3121 2399 3200 potuiss'e
2435 3125 2736 3218 iuvabit,

897 3215 1312 3284 Tantundem
1357 3231 1623 3301 nequeas
1664 3235 1811 3282 cum
1852 3219 2121 3286 voluiss'e
2156 3225 2391 3308 juvet?

811 3322 1060 3392 Scimus
1101 3322 1436 3390 obaeratos
1485 3340 1640 3387 auro
1683 3323 2146 3410 splendescere,
2186 3336 2248 3400 dc
2286 3341 2535 3424 amplos

765 3491 770 3498 ,
893 3415 1210 3492 Pollicitis
1257 3425 1405 3492 duci
1461 3424 1668 3506 velle,
1714 3445 1835 3492 nee
1876 3427 2003 3494 ess'e
2053 3424 2252 3518 yiros⁰.

789 3527 1012 3608 ‚Crede
1051 3534 1247 3613 mihi,
1286 3533 1573 3602 invenies
1614 3535 1859 3603 amusos
1903 3541 2193 3610 omnibus
2243 3549 2409 3617 aulis

889 3636 1122 3705 Vivida
1162 3643 1465 3710 coelestis
1507 3642 2000 3738 spernere-'dona
2040 3652 2232 3738 lyrae.

798 3747 1266 3844 Nobiliumque·
1298 3765 1539 3834 animos
1580 3766 1757 3838 simul
1798 3777 2119 3858 experiere
2156 3785 2500 3876 profanos,

871 3865 1161 3956 Ingratos
1205 3878 1408 3948 Mufis
1450 3883 1956 3974 carminibusque
1997 3894 2138 3965 tuiS.
2212 3897 2225 3910 ‘

2494 4073 2504 4082 .
2560 4009 2779 4084 Plum-
