3017 5200
813 512 907 619 33
1060 516 1263 591 CAsr.
1308 508 1596 587 Senum
1649 500 1894 587 Coun.
1948 521 2046 585 nr.
2099 522 2277 589 ner.
2329 522 2558 591 mun

808 694 1154 771 affirmare
1190 686 1271 764 ὃς
1306 686 1696 761 asseverare
1746 685 1992 761 contra
2023 742 2044 777 ‚
2098 686 2272 762 nihil
2305 688 2564 773 horum
2601 688 2672 765 se
2699 688 2768 765 in

800 792 1036 867 animo
1080 788 1382 877 habere,
1434 786 1552 861 vel
1598 784 1910 859 habuiss‘e
1951 808 2256 883 unquam
2290 842 2314 877 ,
2361 790 2548 885 quod
2579 788 2652 862 se
2684 788 2765 861 ad

798 890 968 967 faeti
1003 884 1479 985 proposuique
1521 884 1725 983 hujus
1759 883 1858 957 sui
1898 885 2368 959 neceffitatem
2407 889 2770 984 compule-

796 988 934 1077 rit3
985 986 1160 1071 nihil
1201 984 1419 1057 etiarn
1461 980 1586 1056 fibi
1622 982 1814 1079 prius
1864 1004 2163 1081 unquam
2208 984 2321 1057 vel
2378 985 2772 1083 religiosius

796 1086 1159 1172 futurum,
1206 1081 1412 1179 qua'm
1454 1100 1529 1154 ut
1560 1080 2131 1177 pacificationem
2164 1080 2486 1172 illam,&
2515 1083 2770 1157 transta-

792 1200 950 1261 tum
1004 1181 1215 1256 edisti
1267 1204 1392 1275 per
1440 1179 1710 1274 fingula
1753 1179 1987 1276 capita
2027 1200 2355 1254 accurate
2399 1181 2769 1271 observet,

796 1283 877 1360 &
934 1279 1291 1357 observari
1343 1296 1538 1351 curet
1566 1332 1587 1365 ,
1651 1277 2007 1374 judicium
2033 1286 2219 1352 'vero
2265 1278 2772 1353 controversia-

799 1406 957 1457 rum
992 1402 1213 1476 neque
1248 1375 1372 1449 fibi
1404 1397 1772 1473 arrogare,
1823 1398 2052 1490 neque
2098 1375 2409 1474 Principi
2446 1378 2764 1451 Auraico

794 1478 1192 1556 concedere
1235 1474 1460 1563 velle,
1515 1470 1633 1546 sed
1680 1474 1770 1547 ad
1803 1476 2107 1547 arbltros
2140 1474 2282 1547 fide
2335 1476 2588 1574 dignos
2621 1501 2665 1549 a
2697 1476 2770 1549 se

794 1580 872 1655 δε
912 1574 1297 1651 Ordinibus
1335 1571 1749 1671 deligendos
1789 1571 2244 1647 remissurum.
2285 1575 2578 1675 'Neque
2603 1575 2764 1649 vin-

792 1668 1053 1751 dietam
1099 1673 1169 1745 se
1220 1671 1519 1769 aliquam
1574 1671 1664 1744 de
1706 1694 2047 1770 quoquam
2097 1671 2466 1764 meditari,
2517 1697 2760 1771 quam-

716 1780 735 1797 ·
795 1800 1004 1875 quam
1022 1770 1335 1871 plurimi,
1364 1770 1754 1845 astionibus
1785 1770 1918 1845 suis
1951 1768 2041 1843 ad
2072 1770 2378 1868 speciem
2411 1772 2762 1869 composi-

791 1876 884 1947 tis
904 1931 923 1963 ,
942 1892 1294 1967 tamquam
1312 1869 1586 1943 Patriae
1617 1867 1975 1943 affertores
2006 1869 2468 1967 vindicesque
2490 1928 2512 1961 ,
2535 1871 2763 1944 ambi-

789 1972 973 2046 tiose
1002 1970 1221 2042 multa
1256 1968 1556 2065 egerint,
1576 1987 1722 2041 turn
1741 1966 2140 2065 &indignis
2157 1969 2518 2044 calumniis
2535 1969 2764 2067 ipsum

786 2067 1184 2154 onerarint,
1237 2066 1311 2138 in
1344 2089 1520 2162 quos
1566 2090 1741 2141 vero
1785 2066 2048 2163 dignae
2092 2067 2480 2141 calumniae
2528 2089 2768 2143 retor-

785 2167 981 2267 queri
1005 2166 1265 2264 poffint
1296 2220 1317 2253 ,
1368 2164 1593 2239 nihilo
1647 2162 1870 2237 secius
1913 2182 2151 2238 tamen
2195 2189 2401 2260 quam
2433 2166 2776 2240 omnibus

784 2290 1113 2363 operam,
1164 2262 1739 2337 benevolentiam
1781 2259 1860 2335 δι
1905 2261 2124 2336 fidem
2164 2262 2502 2337 hafienus
2550 2286 2770 2360 prae-

756 2364 1047 2469 ¹stiterit
1080 2421 1101 2455 ,
1165 2384 1356 2436 nunc
1418 2386 1732 2459 quoque,
1782 2360 1998 2434 modo
2045 2360 2306 2458 justum
2376 2359 2762 2458 imperium

790 2464 1175 2562 agnoscant
1210 2517 1230 2551 ,
1282 2461 1696 2534 confirmare
1751 2476 2070 2557 paratum
2139 2458 2276 2533 efl'e
2325 2460 2395 2532 se
2437 2486 2460 2550 3
2529 2483 2766 2557 neque

787 2563 971 2638 velle
1012 2562 1406 2638 libertatem
1450 2558 1611 2658 ipsis
1649 2556 1918 2656 eripere
1943 2613 1966 2648 ‚
2016 2556 2262 2657 quibus
2301 2557 2763 2634 securitatem

790 2662 1116 2736 conferre
1174 2659 1509 2733 affeaet:
1579 2658 1910 2755 Denique
1969 2681 2391 2756 quamquam
2440 2657 2766 2755 gravissi·-

781 2780 942 2834 mae
984 2756 1245 2831 subsint
1287 2755 1588 2845 causae,
1629 2779 1804 2852 quae
1853 2755 1944 2829 ad
1976 2755 2364 2836 vindiEtam
2418 2757 2610 2831 illum
2651 2756 2764 2831 in-

781 2860 1003 2934 citare
1036 2855 1291 2950 poffint
1322 2880 1346 2944 3
1394 2878 1534 2950 quo
1583 2871 1823 2928 tamen
1857 2852 2290 2927 manifestior
2317 2856 2434 2930 sua
2473 2855 2558 2928 fit
2587 2879 2774 2954 erga

775 2953 1316 3050 Rempublieam
1343 2952 1672 3026 voluntas
1693 3009 1714 3041 ,
1769 2952 2089 3026 omnium
2127 2951 2442 3027 afflzorum
2477 2977 2767 3029 memo-

772 3056 954 3132 riam
986 3051 1054 3126 se
1105 3051 1456 3146 deponere
1496 3050 1717 3142 velle,
1771 3073 1922 3125 non
1961 3049 2179 3125 modo
2230 3051 2321 3125 ad
2355 3051 2764 3146 praefatam

776 3155 990 3252 nsque
1023 3146 2286 3248 pacificationem,edietumque,sed
2331 3147 2508 3224 &in
2543 3175 2761 3247 prae-

771 3253 1040 3328 sentem
1072 3248 1307 3337 diem,
1358 3245 1461 3321 ita
1496 3266 1574 3321 ut
1613 3304 1633 3337 ‚
1689 3247 1740 3322 fi
1793 3247 1910 3345 qui
1955 3247 2147 3322 adse
2182 3247 2428 3322 venire
2471 3249 2754 3341 velint,

754 3351 920 3448 ‚fide
954 3350 1085 3424 illis
1126 3346 1409 3444 publica
1446 3361 1856 3438 canturam,
1907 3370 2125 3420 unum
2174 3365 2472 3443 uemque
2499 3346 2570 3420 se
2611 3373 2758 3446 pro

693 3497 698 3504 -
774 3449 1191 3527 conditione
1242 3444 1320 3520 ἃ
1370 3444 1641 3518 meritis
1684 3443 2082 3519 honorifice
2127 3371 2206 3520 gt
2253 3445 2570 3544 benigne
2615 3447 2768 3520 ha-‘

771 3549 1056 3639 bend0,
1107 3545 1433 3619 omnibus
1466 3544 1542 3618 in
1591 3566 1849 3640 genere
1898 3543 2493 3640 gratificaturum,
2543 3567 2755 3619 curn-

782 3657 902 3724 'ue
946 3646 1251 3743 ipsorum
1300 3641 1780 3732 observantia,
1827 3641 2273 3740 benignitate
2318 3641 2619 3717 vicissim
2675 3643 2756 3718 se

762 3674 841 3820 gt
889 3744 1179 3818 lenitate
1244 3760 1683 3816 certaturum
1717 3794 1739 3828 ,
1818 3759 2067 3815 contra
2139 3740 2216 3816 in
2286 3761 2759 3816 contumaces

765 3843 845 3918 &
873 3840 1199 3940 publicae
1252 3838 1505 3937 quietis
1545 3839 2750 3933 perturbatoresanimadversurum

760 3943 834 4017 se
892 3938 1205 4038 graviter
1241 3994 1263 4028 ,
1328 3961 1469 4034 quo
1519 3935 1668 4026 illi,
1706 3960 1838 4033 pro
1873 3960 2162 4011 munere
2209 3939 2398 4031 suo,
2438 3939 2743 4035 provin·

754 4040 943 4118 ciam
992 4037 1183 4142 refie
1238 4033 1665 4116 constituere
1717 4031 1794 4116 δε
1843 4034 2328 4116 administrare
2375 4037 2616 4130 liceat,
2721 4061 2727 4070 ·

2581 4135 2754 4244 Qua
