3017 5200
576 504 1160 579 Duzocus
1263 522 1389 577 nr.
1491 521 1773 581 raet.
2044 512 2183 591 181

223 699 340 773 tur
361 736 383 771 ,
406 676 942 753 intolerabilium
980 678 1316 789 malorum
1347 676 1426 753 δε
1455 678 1797 769 scelerum
1824 681 2141 759 examina
2162 743 2187 777 ,

219 780 433 873 longe
471 777 696 854 minus
733 777 937 849 nobis
992 776 1346 849 allaturam
1377 834 1402 868 ,
1452 801 1657 873 quam
1680 778 1906 875 prima
1932 780 2187 857 fronte

221 875 536 965 videtur,
589 875 675 949 ad
710 875 1134 971 propositam
1169 876 1372 952 nobis
1408 874 1785 950 utilitatem
1816 878 2173 975 adjumen-

215 974 310 1048 ti:
360 994 564 1071 atque
603 973 771 1046 ideo
799 973 1052 1047 horum
1135 997 1361 1071 uoque
1399 975 1737 1051 malorum
1788 976 2174 1052 confidera-

215 1071 480 1145 tionem
536 1072 610 1145 i'n
659 1071 858 1145 causa
914 1070 1052 1148 ess'e
1083 999 1340 1168 gebere
1374 1129 1396 1163 ,
1457 1091 1541 1149 ut
1597 1075 2174 1173 qualemcumque

211 1171 466 1253 Pacem
519 1168 646 1269 (ad
687 1193 895 1267 quam
929 1194 972 1242 a
1012 1169 1218 1245 nobis
1249 1169 1760 1265 impetrandam
1791 1173 1989 1271 supra
2021 1198 2168 1246 me-

205 1288 518 1342 moratae
557 1268 872 1343 rationes
903 1266 1062 1343 satis
1083 1267 1237 1343 sunt
1271 1268 1591 1343 efficaces
1619 1327 1639 1359 ‚
1692 1271 1959 1346 tametsi
1990 1272 2167 1347 haec

199 1365 286 1438 ad
345 1364 502 1444 illas
564 1390 710 1441 non
766 1364 1190 1467 accederet)
1258 1366 1474 1464 longe
1519 1368 1751 1444 minus
1798 1370 2165 1443 exhorrea-

192 1489 346 1539 mus
381 1520 403 1555 ‚
453 1490 538 1538 ac
569 1466 778 1563 longe
826 1463 1096 1539 facilius
1144 1464 1518 1539 admittere
1554 1486 1698 1539 non
1743 1466 2165 1545 dubitemus.

191 1563 441 1661 Atque
476 1565 653 1639 haec
690 1560 1021 1661 quidem,
1070 1562 1517 1637 invictissime
1561 1566 1759 1651 Rex,
1835 1584 1911 1638 ut
1949 1567 2169 1641 finem

191 1660 567 1759 aliquando
599 1660 770 1736 huic
799 1662 988 1759 parti
1023 1662 1500 1759 imponamus,
1548 1662 1681 1735 fint
1716 1686 2122 1759 argumenta
2142 1720 2166 1753 ,

191 1779 490 1857 propter
527 1783 703 1859 quae
725 1757 1002 1849 ,nostro
1047 1758 1288 1835 saltem
1318 1758 1629 1857 judicie,
1668 1762 1847 1835 ratio
1880 1756 2189 1835 videtu(

189 1857 536 1935 evincere
571 1913 596 1949 ‚
664 1877 744 1933 ut
809 1858 1066 1931 merito
1128 1856 1463 1957 Majestas
1542 1866 1667 1934 ‘tua
1725 1858 2168 1957 acquiescere

186 1956 404 2051 poffit
457 1953 804 2031 Ordinum
841 1952 1247 2051 postulatis,
1300 1955 1613 2046 tametsi,
1654 1955 1730 2051 in
1757 1957 2167 2055 quibusdam
2218 1968 2225 1975 ’

190 2066 404 2128 extra
435 2052 890 2128 Hollandiam
931 2051 1008 2127 &
1059 2054 1464 2129 Zelandiam
1508 2054 1911 2129 civitatibus
1938 2056 2171 2155 publi-

185 2174 355 2225 cum
394 2151 946 2251 alterius,quam
990 2152 1432 2244 Catholicae,
1462 2151 1856 2251 Religionis
1894 2156 2163 2227 exerci-

185 2248 371 2323 tium
426 2249 672 2348 (quod
703 2251 912 2325 certis
947 2270 1183 2325 tamen
1227 2251 1493 2349 legibus
1529 2250 1735 2324 astrin
1790 2250 1986 2348 atur)
2040 2252 2159 2325 ad·

183 2348 628 2429 mittendum
657 2346 818 2438 effe,
843 2348 1378 2428 contenderent.
1429 2350 1591 2421 Nos
1608 2346 1724 2444 qui
1776 2372 1915 2437 em,
1949 2372 2160 2446 quan-

181 2467 340 2522 tum
391 2447 470 2519 in
515 2446 724 2521 nobis
775 2445 918 2535 est,
967 2443 1194 2519 daturi
1247 2446 1480 2527 sumus
1530 2468 1861 2541 operam,
1910 2466 1989 2519 ut
2039 2449 2167 2519 Pa·-

175 2568 347 2620 cem
381 2548 470 2620 ab
517 2542 649 2617 illis
690 2542 1148 2640 impetremus
1181 2542 1531 2620 Gandenfi
1578 2566 1849 2642 quoque
1881 2544 2166 2643 aequio'-

171 2665 356 2722 rem.
456 2641 1010 2732 Deinde,caufis
1051 2643 1321 2732 illiS‚ut
1355 2640 1701 2729 diximus,
1754 2641 2162 2740 explicatu,

177 2760 489 2842 propter
523 2765 688 2839 quas
733 2766 772 2814 a
823 2740 1026 2818 bonis
1067 2741 1395 2816 omnibus
1441 2765 1583 2814 non
1632 2740 1924 2815 ferenda
1972 2743 2183 2837 judi-·

171 2842 411 2920 canda
442 2839 526 2913 fit
558 2839 827 2914 illorum
861 2840 1184 2936 iniquitas
1217 2896 1239 2929 ‚
1291 2837 1369 2914 dc
1421 2840 1496 2914 in
1537 2838 1933 2934 Principem
1964 2841 2008 2912 s
1998 2865 2164 2916 uum

173 2938 676 3016 immodestia:
726 2938 777 3013 fi
832 2939 1178 3012 Gaudenfi
1229 2961 1502 3038 quoque
1568 2956 1711 3011 tam
1774 2937 2159 3014 favorabili

170 3040 338 3142 ipfis
389 3036 712 3112 contenti
767 3061 910 3113 non
959 3037 1089 3122 sint
1136 3037 1480 3126 foedere3
1536 3035 1614 3109 &
1666 3036 2157 3110 demonstratis

173 3140 402 3212 etiam
453 3155 564 3210 tot
603 3135 946 3208 malorum
999 3135 1474 3233 myriadibus,
1539 3132 1789 3232 quibus
1834 3135 2161 3210 miseram

167 3238 370 3310 suam
421 3232 1034 3328 patriam-iterum
1089 3233 1466 3307 involvent
1493 3259 1520 3321 ·,
1572 3231 1621 3302 fi
1670 3229 2001 3327 Majestas
2039 3252 2159 3310 tua

169 3337 361 3416 ultra
400 3331 598 3408 illam
637 3331 872 3408 saltem
922 3333 1174 3405 Pacem
1222 3330 1392 3405 nihil
1437 3355 1478 3402 a
1527 3331 1596 3408 se
1638 3329 1994 3425 impetrari
2028 3355 2151 3426 pa-

170 3434 444 3518 tiatur,
504 3427 690 3526 ipsos
755 3426 828 3501 in
889 3427 1304 3504 sententiam
1369 3427 1675 3501 nostram
1746 3430 2156 3522 pertrahere

182 3531 634 3606 conabimur:
660 3525 884 3622 quod,
923 3526 974 3598 fi
1019 3549 1108 3598 ne
1143 3527 1284 3604 hoc
1310 3525 1591 3621 quidem
1640 3525 2150 3618 obtinebimus,

179 3626 288 3698 illi
327 3651 526 3704 certe
561 3623 747 3722 apud
813 3649 1057 3702 omnes
1097 3681 1117 3714 ,
1172 3645 1248 3696 ut
1309 3624 1510 3714 dixi,
1560 3627 1778 3698 bonos
1830 3626 2157 3724 exiguam

179 3725 691 3822 consequentur
724 3723 1104 3798 modestiae
1146 3724 1257 3804 rel
1291 3721 1665 3824 aequitatis
1696 3722 2156 3812 laudem3nos

173 3842 426 3917 tamen
467 3823 915 3896 nihilominus
949 3817 1179 3894 minus
1206 3843 1245 3892 e
1292 3819 1564 3916 duobus
1606 3821 1799 3892 malis
1833 3821 2150 3918 elegisse,

176 3919 452 4016 rationi
481 3919 557 3994 ἃ
583 3920 910 4016 aequitati
947 3917 1378 4018 paruisse‚ac
1407 3917 1839 3992 subditorum
1874 3919 2147 3993 nostro·

171 4042 339 4100 rum
385 4015 590 4100 saluti
633 4017 1631 4196 misericorditehconsuluiffe
1662 4017 1976 4097 dicemur
1980 4070 2035 4188 ἃ
2070 4041 2154 4097 ae

1283 4139 1322 4216 3
1877 4140 1975 4192 no
2039 4136 2158 4192 rae
