3017 5200
637 393 736 484 D
809 384 1058 514 En
1143 385 1181 474 1
1265 381 1999 527 C,A<.T.19·

293 673 298 682 ,
355 583 707 698 linguae
763 577 1002 694 hujus
1085 579 1422 666 delicias
1490 579 1872 684 recolere
1908 636 1937 680 ‚
2007 577 2095 666 δι
2164 579 2346 668 haot⁴

374 695 638 788 velu'ti
685 693 1122 784 Musarum
1168 693 1601 806 voluptate
1664 699 2037 781 animum
2086 721 2135 777 a
2178 717 2335 780 cu-

390 815 501 898 ris
537 807 1054 922 gravioribus
1095 805 1593 910 avocare-83
1624 831 2049 898 recreare.
2158 805 2331 894 Sed

389 923 482 1008 ab
523 923 677 1008 hac
727 919 1103 1037 quidem'
1129 921 1630 1032 gloriatione
1676 945 1815 1006 rne
1874 919 2189 1019 deduci
2235 919 2330 1006 δε

383 1035 784 1150 cohiberi·
851 1033 1176 1144 saepius
1264 1031 1471 1117 senfi
1510 1092 1538 1130 ,
1619 1038 2333 1148 quotiescumque

367 1176 564 1236 cum
619 1145 1045 1266 ejusmodi
1106 1147 1487 1232 virorum
1533 1142 2008 1240 eruditione
2055 1149 2143 1238 &
2201 1148 2337 1234 di·-

361 1251 628 1358 c'endi
691 1266 783 1348 vi
857 1281 1109 1374 atque
1173 1255 1559 1343 ubertate
1628 1255 1905 1344 meam
1972 1263 2333 1352 tenuita-

359 1392 542 1464 tem
601 1375 694 1462 &
752 1395 1077 1485 curtam
1135 1367 1732 1481 supellectilem
1785 1371 2263 1462 conferrem
2295 1435 2328 1476 ,

362 1492 724 1604 adeo-ut
771 1483 1078 1598 justutn
1127 1482 1368 1595 saepe
1414 1483 1835 1594 pudorem
1899 1483 2131 1574 idem
2180 1487 2324 1574 hic

159 1645 170 1656 ’
299 1689 307 1694 ,
357 1601 898 1692 honosmihi
937 1598 1330 1716 loquenti
1362 1595 1837 1698 incufferit3
1900 1598 2041 1686 sed
2090 1601 2329 1692 fimul

355 1735 651 1807 tamen
691 1718 1064 1803 animum
1095 1710 1482 1826 quotidie
1536 1715 1954 1799 erexerim
1990 1741 2087 1800 ac
2116 1743 2328 1803 con-

349 1833 872 1920 firmaverim
968 1827 1111 1939 spe
1201 1823 1429 1912 haud
1502 1851 1735 1917 ,vana
1767 1883 1797 1925 ‚
1884 1825 2074 1914 fore
2109 1887 2139 1929 ,
2224 1848 2324 1918 ut

352 1971 580 2058 quae
616 1947 702 2030 in
729 1971 866 2029 me
907 1938 1579 2028 desiderarentur
1606 1960 1747 2025 aut
1774 1939 2365 2052 inprobamu-⁸

354 2077 508 2144 tur
537 2118 564 2159 ‚
641 2059 726 2142 δε
774 2057 1013 2144 favor
1048 2052 1353 2141 Vester
1382 2113 1410 2153 ‚
1479 2054 1569 2139 &
1619 2076 2103 2144 ceterorum
2136 2061 2323 2145 Au-

353 2172 740 2258 ditorum
823 2173 1194 2284 aequitas
1228 2226 1256 2267 ,
1326 2165 1571 2254 facile
1650 2167 2073 2282 suppleret
2109 2230 2138 2272 ,
2215 2200 2315 2260 ac

347 2285 849 2399 benigniu8‚
913 2285 1174 2396 ‘quam
1221 2281 1522 2392 vulgus
1564 2278 1781 2367 'solet
1817 2340 1846 2382 ,
1899 2285 2317 2399 interpre-

291 2503 301 2510 ‚
350 2422 701 2492 taretur.
817 2395 1126 2485 Saltem
1168 2423 1279 2484 ex
1329 2393 1630 2482 Vestra
1662 2395 1747 2484 &
1794 2397 2132 2483 illorum
2158 2427 2315 2511 per

347 2520 882 2605 continuatas
945 2512 1597 2622 praeteritorum
1665 2536 2075 2594 annorum
2131 2511 2313 2596 hie-

353 2624 544 2717 rnes
593 2654 734 2711 rne
803 2622 1196 2711 audiendi
1270 2622 1817 2725 adsiduitate,
1886 2650 2313 2731 numero,

357 2772 465 2828 ac
535 2738 1002 2851 frequentia
1083 2736 1369 2847 (adeo
1445 2756 1541 2824 ut
1626 2741 1990 2851 exempli
2068 2764 2315 2829 antea

347 2884 532 2945 non
580 2850 932 2958 exhibiti
999 2848 1085 2935 &
1150 2852 1328 2937 aliis
1389 2850 1572 2937 fere
1636 2852 2073 2939 invidendi
2126 2858 2312 2943 re¹m

343 2968 588 3059 fuiffe
637 2994 894 3055 nemo
943 2990 1122 3051 non
1171 2964 1715 3080 agnosceret)
1772 2964 2166 3055 Vestrum
2196 2970 2313 3057 de

339 3110 488 3171 me
567 3082 1090 3169 luculentum
1182 3080 1599 3192 judicium
1691 3108 1867 3167 non
1962 3086 2317 3171 omnino
2387 3094 2391 3101 ’
2488 3069 2497 3080 ’

291 3194 452 3283 'ab
528 3216 844 3283 eventu
918 3192 1234 3282 elusum
1304 3221 1400 3279 ac
1466 3190 1951 3281 frustratum
2006 3193 2247 3283 fuiffe
2276 3258 2312 3299 ,

341 3310 774 3419 conjicere
810 3368 838 3409 ,
907 3307 993 3395 &
1019 3306 1372 3393 ‘sumina
1427 3334 1624 3394 cum
1678 3310 2111 3420 voluptate
2162 3310 2315 3397 de-

397 3421 876 3511 rehendere
959 3418 1170 3505 mihi
1241 3420 1478 3507 licuit
1511 3482 1539 3523 ,
1616 3425 1729 3507 ita
1800 3443 2137 3527 tamen,
2214 3446 2315 3527 ut

436 3536 626 3623 obis
669 3538 920 3622 unice
970 3560 1108 3619 me
1157 3538 1246 3622 in
1294 3539 1629 3649 accepti
1683 3536 2000 3623 tabulas
2048 3536 2345 3633 refer--

330 3652 432 3737 re
497 3650 898 3764 profitear
932 3709 959 3750 ,
1034 3646 1095 3735 fi
1151 3678 1316 3765 qua
1364 3649 1562 3737 hinc
1608 3655 1817 3736 meis
1877 3652 2319 3743 conatibus

327 3764 512 3854 laus
568 3764 656 3849 &
711 3762 1144 3875 adplausus
1187 3760 1416 3875 ‘forte
1479 3767 1886 3850 evenerit.
2430 3788 2446 3795 ·

450 3876 548 3964 In
609 3878 740 3963 his'
790 3902 1014 3965 -vero
1061 3878 1230 3963 Rei
1291 3876 1617 3963 ublicae
1685 3876 2013 3965 nostrae
2062 3880 2335 3970 histo-r

335 3988 494 4107 tiis
537 3990 1014 4085 enarrandis
1067 4018 1168 4081 ea
1247 4014 1545 4109 emper
1588 3988 1981 4081 libert-ate
2030 3994 2117 4081 &
2168 4021 2319 4092 voe-

985 4118 1004 4127 ”
1464 4122 1478 4131 ·
1721 4144 1727 4149 ·
1986 4128 1993 4137 ·
2124 4110 2327 4196 rita·-
