3017 5200
816 544 927 639 ‘36
1068 540 1272 615 Casr.
1320 538 1600 612 Senam
1651 536 1897 611 Coma.
1946 554 2044 609 nt
2093 555 2273 611 nez
2321 552 2552 615 mna

832 710 1375 812 promissumque
1438 711 1734 808 implere
1792 681 2094 807 poffint‚·
2135 709 2206 783 se
2243 711 2433 785 suam
2471 709 2808 813 interpo-

836 812 1119 885 fiturum
1149 868 1171 902 ,
1228 829 1307 883 ut
1358 810 1630 905 Regiae
1687 807 2076 906 Majestatis
2123 808 2601 907 expectationi
2653 813 2804 887 hoc:

835 908 1045 1007 pacto
1098 908 1385 983 satisfiat
1418 961 1441 995 ‚
1507 904 1587 981 ὅτ
1645 909 1928 1005 publica
1997 907 2450 1003 tranquillitas
2482 908 2518 1000 ,χ
2577 935 2798 1007 quam

838 1026 1203 1105 tantopere
1256 1024 1513 1102 optent
1539 1062 1562 1097 ,
1611 1006 1988 1080 reducatur
2025 1029 2064 1095 3·
2098 1004 2283 1101 quod
2313 1006 2596 1103 quidem
2635 1009 2798 1085 uni·-
2906 1076 2912 1081 .

836 1128 924 1179 ce
970 1104 1042 1177 se
1078 1102 1411 1178 affectare
1440 1159 1461 1194 ,
1527 1122 1606 1177 ut
1652 1104 1744 1177 ad
1799 1103 2350 1179 confirmandam
2410 1106 2802 1185 authorita-

834 1221 985 1276 tem
1017 1200 1147 1275 fibi
1177 1202 1389 1276 liceat
1426 1258 1449 1292 ‚
1498 1200 1906 1299 stipatorum
1931 1260 1954 1293 ‚
2003 1201 2390 1277 novatione
2425 1205 2802 1303 Belgarum

830 1299 1211 1375 secundum
1270 1300 1644 1375 formulam
1709 1298 1786 1375 ἃ
1855 1299 2358 1374 authoritatem
2429 1302 2799 1381 decretum

831 1398 1352 1473 Pacificationis
1381 1455 1403 1489 ‚
1422 1456 1435 1467 .
1455 1422 1540 1471 ea
1573 1416 1902 1495 tantaque
1931 1396 2292 1490 custodia,
2341 1424 2786 1501 quacumque

832 1520 963 1595 per
987 1494 1956 1595 Provinciam‘proficiscatur
1993 1542 2016 1585 ‚
2073 1497 2231 1586 uti,
2281 1522 2525 1596 quam,
2577 1526 2798 1598 quan-

834 1590 1115 1692 tamque
1162 1593 1252 1668 ad
1291 1594 1479 1669 suam
1541 1597 1838 1693 suaeque
1915 1594 2286 1669 clientelae
2344 1594 2801 1675 securitatem

835 1692 1285 1768 necessariam
1344 1692 1481 1770 esse
1522 1693 1966 1769 arbitrabitur
2001 1720 2024 1783 ;
2077 1714 2170 1765 ne
2211 1694 2551 1789 praefecti
2606 1698 2800 1773 urbi-

831 1795 965 1868 bus
1014 1790 1516 1884 constituantur
1549 1849 1570 1882 ‚
1620 1792 1693 1865 in
1741 1792 1985 1891 quibus
2019 1791 2166 1889 jam
2212 1791 2380 1865 inde
2413 1794 2799 1893 antiquitus

829 1890 1096 1964 nullum
1134 1892 1237 1983 ius
1265 1890 1746 2003 praefecturae
1769 1890 2025 1983 fuerit3
2074 1909 2154 1963 ut
2191 1890 2427 1965 Duces
2456 1949 2478 1983 ,
2523 1891 2603 1969 ἃ
2643 1896 2797 1993 qui-

830 2013 995 2079 cum
1047 2012 1135 2063 ue
1188 1988 1481 2061 mllitiae
1546 1988 1834 2061 nomina
1889 1988 2150 2061 dedere
2187 2044 2208 2077 ,
2277 2012 2321 2061 a
2383 1989 2454 2063 se
2501 1992 2795 2067 evocati

826 2107 993 2183 prae
1055 2111 1115 2185 οἱ,
1149 2085 1323 2177 smt,
1377 2082 1455 2159 δε
1491 2085 1622 2159 fibi
1661 2086 1780 2183 qui
1823 2085 2076 2181 praefit
2115 2140 2136 2173 ,
2185 2084 2462 2182 suisque
2490 2088 2802 2188 impera.-

830 2184 925 2257 tis
959 2202 1251 2281 pareant
1280 2208 1305 2266 ς
1352 2201 1431 2257 ut
1476 2182 1678 2257 suum
1726 2182 1808 2257 fit
1839 2181 2198 2279 proprium
2231 2182 2388 2278 jure
2423 2183 2502 2258 ὃ(
2536 2190 2800 2264 autho-

820 2282 1032 2357 ritate
1049 2339 1071 2372 ,
1089 2281 1444 2381 supremae
1467 2338 1488 2371 ‚
1519 2306 1732 2379 quam·
1763 2280 2082 2371 obtinet,
2102 2277 2589 2371 Praefecturae
2625 2287 2792 2363 offi-

826 2381 975 2473 cia,
1026 2379 1104 2456 &
1132 2404 1309 2480 quae
1334 2380 1409 2455 se
1444 2380 1752 2455 offerent
1774 2435 1795 2470 ,
1827 2377 2068 2453 munia
2099 2375 2380 2475 publica
2429 2378 2792 2478 dispensa-

823 2505 904 2555 re
923 2537 948 2573 ,
997 2479 1092 2555 fic
1126 2500 1365 2555 tamen
1386 2535 1409 2572 ‚
1442 2502 1536 2553 ne
1559 2478 1638 2553 id
1652 2478 1734 2554 'in
1766 2475 2230 2555 Gandavicae
2269 2475 2796 2559 Pacificationis

824 2597 948 2652 aut
976 2579 1509 2678 privilegiorum
1543 2577 1864 2654 fraudem
1896 2575 2018 2668 fit3
2069 2594 2147 2649 ut
2196 2572 2321 2651 fibi
2346 2576 2636 2652 nomina
2669 2605 2796 2658 eo-

824 2695 989 2748 rum
1023 2732 1046 2767 ,
1096 2697 1268 2774 quos
1307 2679 1612 2753 Ordines
1674 2677 1750 2750 in
1795 2677 1996 2750 suum
2057 2673 2437 2750 consefl'um
2495 2677 2792 2777 adopta-

822 2773 965 2846 rint
1000 2828 1021 2863 ‚
1074 2775 1393 2872 catalogo
1459 2772 1960 2878 comprehensa
2015 2771 2575 2849 transmittantur
2611 2834 2632 2870 ‚
2702 2799 2785 2854 ut

818 2870 1157 2943 denotare
1204 2873 1407 2966 poffit
1451 2895 1596 2944 non
1635 2871 1927 2946 idoneos
1955 2926 1978 2961 ,
2030 2871 2286 2969 quique
2329 2874 2605 2948 muneri
2660 2876 2785 2952 suo

818 2967 1057 3042 minus
1110 2968 1497 3066 responsuri
1548 2967 1981 3068 viderentur.
2074 2969 2403 3068 Denique
2464 2972 2517 3046 fi
2559 2975 2788 3048 Oren-

822 3067 981 3166 giae
1016 3065 1343 3165 Princeps
1368 3065 1445 3142 &
1468 3067 1774 3144 Ordines
1791 3066 2209 3144 Hollandiae
2239 3065 2318 3148 &c
2344 3070 2716 3148 Zelandiae
2749 3099 2792 3148 a

822 3166 1253 3265 praescripto
1308 3166 1782 3242 Gandavenfis
1835 3165 2360 3242 Pacificationis
2404 3170 2781 3262 recedant,

820 3264 905 3339 ἃ
931 3264 1291 3362 pacationi
1312 3323 1334 3356 ‚
1369 3291 1505 3364 qua
1540 3265 1724 3340 inter
1740 3266 1812 3340 se
1851 3263 1928 3340 ἃ
1962 3264 2151 3364 ipsos
2187 3263 2288 3338 est
2326 3270 2784 3363 transactum,

812 3363 1002 3438 stare
1034 3363 1429 3454 detrectent
1448 3422 1468 3455 ‚
1504 3384 1586 3440 ut
1613 3365 1808 3440 omni
1841 3385 2088 3438 mutuo
2118 3365 2551 3479 comlffrcio
2593 3368 2790 3444 dein-

820 3487 991 3558 ceps
1028 3460 1164 3536 illis
1203 3463 1668 3554 interdicant,
1715 3463 1805 3538 ad
1839 3463 1908 3536 se
1941 3487 2114 3538 vero
2152 3463 2481 3560 suamque
2527 3468 2783 3558 autho·

816 3559 1235 3650 ritatem&
1286 3562 1564 3657 causam
1611 3562 1682 3634 se
1715 3563 2015 3660 jungant
2048 3616 2070 3650 ,
2137 3585 2278 3658 quo
2327 3583 2788 3642 contumaces

818 3658 912 3729 ad
948 3657 1263 3732 officium
1294 3660 1670 3756 adigantur
1692 3715 1714 3751 ,
1763 3683 1856 3734 ex
1888 3658 2286 3759 praedicitae
2325 3663 2782 3750 Pacificatio-

816 3753 927 3828 nis
958 3755 1163 3849 pacto
1195 3757 1652 3854 praescripto,
2025 3803 2032 3810 ·

910 3853 1109 3957 Quae
1138 3854 1642 3948 postulatorum
1667 3854 2020 3931 Austriaci
2049 3857 2283 3956 capita
2313 3883 2477 3934 cum
2512 3859 2790 3950 incon.-

784 3949 983 4024 ·seffu
1012 3951 1326 4026 exhibita
1356 3953 1636 4045 forent,
1684 3956 2076 4051 penultima
2115 3956 2323 4054 julii,
2366 3958 2794 4056 respondere

806 4048 1109 4129 Ordines
1142 4049 1226 4128 in
1248 4051 1787 4134 hunc-modum.
1835 4055 1929 4130 Et
1954 4054 2188 4155 primo
2217 4055 2506 4155 quidem
2536 4060 2752 4170 ajunt
2770 4115 2796 4150 ,

774 4185 786 4194 ⁶
922 4205 928 4210 .
1334 4203 1344 4211 .
1434 4204 1441 4211 .
2675 4182 2790 4232 nl·
