3017 5200
585 473 699 578 J0.
749 450 1150 553 Aus'rnucss
1206 488 1301 543 m·
1352 468 1547 547 ORn.
1596 474 1974 549 thcrcos.
2025 536 2043 550 ,
2133 496 2274 571 105
2451 558 2458 566 ,

290 648 611 739 omnibus
648 649 980 725 decernet
1028 668 1119 719 ex
1162 644 1465 721 formula
1504 644 2061 740 Pacificationis,
2111 648 2264 725 sen-

292 748 663 833 tentiarum
706 744 799 845 f&
856 744 1271 841 opinionum
1337 743 1690 841 suffragiis
1751 770 2045 819 numero
2115 751 2266 823 col»-

300 846 531 936 leffls,
552 870 590 917 e
622 869 757 941 quo
792 846 1053 917 Senatu
1087 842 1341 940 aliquis
1371 842 1446 929 in
1478 841 1621 918 hoc
1661 842 1960 919 delectus
2004 844 2260 919 consti-

299 946 597 1029 tutiones
628 946 871 1022 omnes
901 958 1074 1014 nota
1123 942 1352 1037 aliqua
1394 940 1837 1017 confirmabit
1871 999 1892 1033 ,
1943 945 2258 1041 alioquin
2367 997 2374 1005 ,

298 1045 549 1127 nullum
593 1060 1029 1119 momentum
1082 1036 1460 1123 habituras.
1565 1038 1749 1143 Quia
1787 1062 1960 1112 vero
2014 1042 2086 1115 in
2138 1046 2261 1116 Se-

182 1158 189 1167 ·
294 1161 459 1226 natu
489 1140 612 1213 illo
639 1136 1009 1237 pauciores
1039 1135 1210 1227 fint,
1256 1160 1468 1235 quam
1502 1155 1586 1209 ut
1637 1155 1838 1209 tanto
1871 1156 1979 1211 tot
2031 1139 2261 1213 incur-

288 1238 606 1316 rentium
638 1235 1085 1333 negotiorum
1119 1234 1315 1308 oneri
1348 1232 1664 1309 sufficere
1706 1236 1996 1331 poflint,
2048 1238 2262 1312 Ordi-

276 1331 403 1413 nes
447 1336 789 1443 quosdam
832 1334 1199 1417 nominare
1248 1333 1501 1429 poffint
1541 1390 1562 1421 ,
1615 1334 1734 1436 qui
1801 1332 1961 1430 ipsis
2014 1334 2258 1431 adjun-

270 1456 588 1541 gantur,
610 1452 687 1509 ut
712 1456 851 1507 una
888 1431 1287 1535 pariterque
1321 1430 1753 1522 consultent,
1802 1432 2255 1507 concludant-

275 1561 421 1641 que
456 1591 480 1623 ,
555 1552 1034 1643 quaecumque
1100 1528 1492 1603 decidenda
1556 1548 1932 1611 occurrent
1963 1582 1984 1621 ,
2052 1530 2264 1629 idque

279 1634 355 1710 in
400 1634 637 1731 Regis
691 1628 886 1703 usum
922 1683 945 1715 ,
1012 1628 1466 1701 commodum
1502 1684 1524 1719 ,
1577 1629 2262 1735 emolumentumque

230 1722 237 1733 ’
276 1731 648 1839 publicum
685 1784 707 1819 ,
764 1726 1331 1898 conganetirnque
1378 1724 1750 1823 praestent
1773 1727 2258 1824 jusjurandum

278 1854 371 1904 ex
406 1827 712 1902 formula
738 1824 877 1898 Edi
952 1824 977 1897 i
1029 1824 1356 1922 Perpetui
1410 1824 1497 1896 de
1545 1824 2257 1924 Pacificatione'pro-
2352 1882 2357 1895 .

228 1942 247 1959 ⁸
277 1924 604 2025 mulgati.
720 1924 828 1996 Ut
874 1922 991 1995 sua
1058 1922 1402 2005 serenitas
1444 1922 1632 2019 apud
1681 1924 1959 2021 Regem
2003 1950 2254 2021 procu-

278 2044 393 2113 ret
418 2082 439 2116 ,
497 2042 575 2095 ut
611 2019 1005 2095 Provinciis
1056 2018 1148 2093 de
1190 2019 1332 2094 alio
1364 2020 1726 2101 Praefecto
1758 2021 2251 2119 provideatur,

144 2140 154 2151 ·
274 2121 403 2223 qui
457 2119 535 2206 ὃς
569 2118 842 2227 Regiae
897 2118 979 2193 fit
1022 2118 1331 2219 familiae
1393 2119 1808 2223 generisque
1842 2176 1864 2210 ,
1916 2118 1994 2201 ἃ
2035 2122 2247 2201 Ordi‚.

271 2221 493 2296 nibus
542 2239 889 2317 acceptus·
929 2236 1167 2317 gratus
1213 2240 1303 2293 ue
1335 2274 1357 2309 ,
1422 2217 1638 2313 idque
1704 2217 2046 2317 quantum
2101 2220 2257 2303 fieri

273 2317 547 2419 poterit
581 2317 925 2393 citiffime.
1002 2320 1059 2390 F
1060 2340 1173 2409 oe,
1196 2316 1427 2390 eribus
1451 2313 1736 2411 insuper
1774 2340 1937 2390 cum
1972 2315 2250 2414 quibus-

270 2422 584 2513 cnmque
614 2414 805 2490 initis
822 2413 1203 2511 ‚pastisque
1220 2411 1377 2509 post
1394 2429 1719 2491 exortum
1749 2412 1894 2486 hoc
1926 2416 2258 2496 ultimum

268 2508 1526 2609 dimdium,utrimquerenuncietur.
1567 2507 1808 2583 Postea
1856 2534 2013 2585 uam
2031 2514 2256 2589 etiam'

274 2617 453 2689 Rex
470 2609 926 2700 manda-iem
940 2606 1351 2684 Pacificatio
1374 2605 1700 2682 Gandavi
1721 2607 1796 2681 fa
1869 2633 1908 2684 a
1925 2609 2004 2696 <Sc
2024 2631 2244 2694 trans-

248 2711 437 2800 ,aeta
453 2707 787 2794 effectum
817 2707 1183 2799 sortiatur,
1210 2704 1329 2782 sua
1362 2705 1708 2780 Serenitas
1744 2707 1866 2781 det
1910 2733 2194 2808 operam
2216 2771 2262 2806 ‚⁷

264 2829 351 2896 ut
378 2813 693 2890 Buranus
738 2809 992 2892 Comes
1040 2803 1151 2892 his
1198 2805 1276 2879 in
1316 2805 1712 2883 Provinciis
1742 2803 1824 2880 &
1856 2806 2058 2901 loco,
2107 2837 2252 2908 quo
2366 2845 2370 2851 ·

266 2907 587 2996 Ordines
644 2903 1076 2992 conventum
1148 2922 1364 3003 agent
1401 2957 1427 2994 ,
1492 2902 1679 3004 intra
1747 2905 1922 2980 duos
1983 2911 2256 2994 menses

256 3005 637 3107 proximos
668 3005 847 3093 liber
879 3001 1378 3094 constituatur„
1466 3001 1588 3077 Ad
1621 3005 1800 3078 haec
1841 3005 2002 3102 quia
2037 3009 2252 3082 Ordi-

190 3185 199 3198 ,
259 3115 398 3180 nes
460 3103 701 3187 multis
769 3103 840 3190 se
901 3100 1306 3178 nominibus
1378 3099 1872 3184 Britannorum
1929 3105 2254 3202 Reginae

254 3202 643 3294 obstriftos
692 3199 1075 3300 agnoscant
1108 3255 1132 3290 ,
1197 3220 1373 3298 quae
1416 3195 1503 3298 ,δε
1553 3197 1802 3276 vicina
1844 3200 1926 3274 fit
1974 3201 2259 3284 ditione·

260 3301 353 3378 &
384 3298 733 3400 propensa
774 3299 849 3371 in
900 3319 1143 3372 omnes
1190 3297 1559 3379 voluntate
1591 3351 1616 3398 ,
1669 3315 1822 3371 tum
1850 3295 1930 3382 δε
1959 3323 2090 3403 pro
2120 3311 2252 3396 e'0,

252 3425 405 3512 quo
444 3399 535 3474 fit
578 3419 750 3494 erga
788 3396 1031 3492 Belgas
1076 3395 1487 3506 Regemque
1549 3394 1804 3472 affectu
1901 3397 1976 3471 in
2017 3401 2244 3495 publi.

254 3524 425 3575 cam
486 3494 871 3578 utilitatem
934 3515 1077 3567 non
1122 3513 1476 3590 gravatim
1533 3517 1744 3591 opem
1801 3453 1882 3570 ἐς
1944 3495 2244 3581 subsidia

263 3595 663 3688 contulerit
696 3649 721 3685 ,
751 3612 1029 3692 -cupere
1080 3590 1191 3680 se,
1245 3610 1328 3678 ut
1375 3591 1730 3691 utrimque
1765 3592 1881 3669 illa
1917 3593 1992 3670 in
2044 3597 2243 3674 Pacis

260 3693 690 3788 tractatione
731 3688 1239 3789 comprehensa
1273 3745 1294 3778 ,
1349 3690 1499 3792 ejus
1541 3691 1930 3768 commodis
1987 3693 2066 3770 &c
2115 3697 2240 3771 be-

256 3791 543 3882 neficiis
566 3791 705 3880 frui
734 3793 947 3888 poffit
978 3847 1000 3885 ,
1053 3789 1143 3864 ad
1195 3787 1812 3866 confir-mationem
1839 3791 2236 3888 foederum,

255 3910 451 4002 quae
478 3890 959 3988 Burgundicae
994 3886 1282 3976 domui,
1317 3911 1478 3962 cum
1510 3889 1786 3988 reliquis
1829 3889 2010 3966 illius
2042 3893 2234 3968 Prin-

253 3986 585 4086 cipibus,
621 4011 665 4060 τι
702 3987 941 4062 multis
984 4005 1177 4078 retro
1223 3987 1421 4063 annis
1468 3985 1650 4074 inita
1684 4045 1710 4085 ,
1761 3986 1840 4072 δι
1875 3991 2240 4070 multoties

250 4103 616 4184 renovata
641 4084 946 4180 fuerunt..
1147 4149 1154 4162 ,

496 4187 501 4195 ’
554 4206 559 4213 ’
1292 4183 1389 4326 9
1420 4205 1499 4288 5·
1905 4199 1943 4238 ··
2105 4188 2252 4320 Hi<
