3017 5200
859 534 1004 625 196
1189 492 1866 601 castatis
1968 520 2567 597 Scan-1⁴⁸1·

857 703 1056 794 mini,
1081 690 1749 803 quomodocumque
1772 693 1845 765 in
1874 692 2118 769 testem
2160 712 2420 769 vocato
2443 749 2464 785 ,
2496 708 2837 767 reveren«

865 806 1036 880 tiam
1061 856 1084 889 ,
1126 818 1466 897 quamque
1548 817 1745 867 raves
1790 790 1868 866 δε
1904 792 2265 866 evidentes
2306 792 2394 865 ad
2433 792 2647 865 fidem
2685 812 2835 864 nom

755 940 762 947 ·
861 899 1276 979 servandam
1357 915 1482 965 cau
1516 913 1599 965 ae
1669 890 2103 987 requirantur
2134 948 2154 979 ,
2232 914 2395 964 cum
2472 888 2831 989 ejusmodi

866 1018 1144 1101 quoque
1183 988 1663 1090 jusjurandum
1705 1009 1933 1061 vratum
2000 989 2257 1063 habere
2300 988 2649 1063 Dominus
2696 1012 2830 1059 vo-

863 1095 1112 1184 luerit,
1161 1090 1234 1168 in
1261 1112 1399 1185 quo
1433 1086 1577 1161 fine
1609 1086 1739 1160 tilla
1778 1085 2062 1177 fraude,
2116 1086 2350 1185 lingua
2394 1107 2675 1161 tantum
2717 1086 2857 1181 ju·-

865 1212 1070 1272 rante
1093 1248 1113 1279 ,
1135 1208 1329 1261 mens
1369 1185 1662 1281 injurata
1692 1184 2113 1280 permanfit3
2160 1182 2418 1259 &illud
2451 1204 2823 1282 praeterea

871 1286 1278 1393 promiss'um
1311 1282 1575 1375 fuerat,
1614 1282 1799 1381 quod
1835 1283 1982 1379 ipse
2012 1281 2167 1357 fieri
2201 1302 2560 1373 vetuerat,
2609 1304 2845 1379 neque

877 1388 1078 1467 aliud
1107 1383 1514 1481 quippiam,
1560 1404 1683 1455 cur
1724 1378 1982 1455 servari
2036 1398 2398 1479 oporteret
2422 1436 2441 1468 ,
2494 1383 2832 1454 cerneba-

875 1508 1034 1578 tur,
1083 1504 1290 1583 quam
1339 1476 1530 1579 quod
1578 1478 1880 1555 naturali
1919 1480 2158 1555 saltem
2200 1479 2369 1577 {ure
2407 1478 2673 1554 servari
2709 1504 2836 1576 po·

869 1604 1075 1663 terat.

971 1680 1227 1758 REX.
1278 1674 1480 1753 Nihil
1516 1676 1803 1769 horum,
1852 1696 1931 1752 ut
1966 1698 2211 1751 verum
2246 1675 2508 1767 fatear,
2562 1675 2837 1749 senten-

877 1782 1053 1857 tiam
1101 1780 1283 1853 hanc
1333 1776 1508 1853 mihi
1556 1775 1963 1874 persuadere
2002 1776 2296 1850 omnino
2339 1772 2613 1871 potest:
2684 1798 2839 1845 cum

875 1883 1067 1956 enim
1113 1900 1200 1949 ex
1248 1872 1485 1948 inultis
1526 1873 2359 1971 frequenter'audiverim
2396 1930 2415 1962 ‚
2466 1896 2839 1969 numquam

878 1978 1020 2055 ess‘e
1069 1971 1390 2069 cuiquam
1431 1970 1841 2047 servandam
1870 2029 1891 2062 ‚
1951 1970 2397 2069 quantumvis
2438 1973 2840 2069 juramento

857 2075 1432 2157 confirmatam,
1482 2068 1742 2159 fidem,
1809 2070 1860 2147 fi
1900 2072 2269 2169 quippiam·
2304 2068 2669 2165 pollicitus
2728 2070 2845 2157 fit,

888 2172 1076 2273 quod
1127 2168 1366 2244 divina
1417 2170 1575 2263 lege
1614 2167 2059 2244 interdicitur
2093 2226 2114 2261 ‚
2164 2192 2307 2243 non
2339 2166 2551 2241 facile
2602 2168 2853 2240 videre

885 2270 1209 2371 poss'um,
1245 2292 1383 2366 quo
1415 2265 1904 2361 pacificentra
1943 2268 2171 2367 legem
2198 2266 2513 2341 divinam
2555 2290 2700 2340 non
2738 2267 2849 2353 sit,

807 2406 813 2419 ¹
885 2364 1292 2469 promiss‘am
1332 2363 1587 2447 latroni
1648 2364 2019 2461 pecuniam
2080 2365 2411 2453 mittere,
2466 2386 2685 2464 atque
2732 2364 2847 2461 ipfi

942 2468 1174 2543 uidem
1201 2462 1452 2550 latroni
1488 2462 1660 2537 novi
1705 2462 1779 2535 in
1833 2462 2242 2559 accipienda
2288 2462 2517 2559 aliena
2558 2459 2845 2563 pecunia

929 2567 1171 2641 celeris
1209 2561 1643 2637 occasionem
1676 2583 1758 2634 ea
1788 2562 2061 2636 ratione
2102 2564 2433 2660 praebere
2462 2619 2483 2652 ‚
2530 2560 2849 2660 proprios

899 2687 1076 2742 vero
1103 2661 1289 2737 filios
1319 2662 1428 2734 vel
1473 2660 1895 2758 propinquos
1940 2662 2074 2735 hac
2125 2661 2282 2758 ipsis
2316 2661 2559 2735 debita
2584 2662 2847 2736 utilita-

896 2782 972 2836 te
1023 2762 1328 2858 privare.
1426 2759 1533 2832 Ut
1576 2779 1810 2832 autem
1872 2759 2015 2834 hoc
2085 2760 2445 2834 tolerabile
2504 2759 2593 2832 fit
2630 2817 2652 2849 ‚
2718 2782 2857 2856 quo

894 2859 1118 2958 pasto·
1159 2857 1442 2933 tandem
1489 2855 1663 2929 ferri
1708 2857 2020 2956 poterit,
2068 2857 2489 2932 haereticum
2538 2881 2857 2954 quoque,

899 2975 1016 3030 tot
1062 2955 1444 3028 animarum
1488 2953 1706 3026 millia
1747 2956 1819 3028 in
1864 2971 2221 3030 aeternum
2252 2957 2531 3030 exitium
2579 2947 2863 3051 pe'rtra-
2984 3031 2986 3038 ,

901 3051 1286 3141 elaturum,
1333 3051 1689 3126 dimittere
1728 3053 2081 3128 liberum?
2130 3057 2564 3152 quamobrem
2590 3077 2688 3125 ne
2736 3055 2864 3125 Pa·
2984 3039 2986 3098 ²

901 3173 1088 3226 trem
1128 3152 1408 3247 quidem
1448 3175 1684 3224 meum
1719 3152 1927 3248 culpa
1956 3152 2093 3226 hac
2136 3153 2211 3225 in
2252 3173 2441 3250 parte
2484 3151 2861 3224 absolvere

903 3249 1170 3348 poss'em
1192 3307 1212 3340 ,
1259 3249 1443 3346 quod
1473 3269 1747 3324 tantum
1781 3250 2348 3324 Haerefiarchatn
2372 3251 2697 3342 ,caffibus
2730 3250 2867 3322 suis

895 3351 1042 3447 jam
1083 3347 1430 3422 irretitum
1463 3403 1483 3436 ‚
1534 3349 1625 3424 ad
1668 3350 1823 3427 suos
1866 3349 2426 3438 confirmand03‚
2472 3347 2551 3422 ἃ
2584 3348 2867 3420 univer-

901 3447 1048 3522 sam
1095 3445 1472 3545 Ecclesiam
1504 3447 2041 3544 pervertendam
2066 3504 2088 3535 ,
2126 3447 2316 3522 abire
2351 3445 2764 3545 permiserit.

1001 3546 1265 3620 DUX.
1315 3541 1461 3618 Etsi
1497 3545 1772 3618 causam
1808 3599 1829 3634 ,
1874 3543 2233 3641 justiffime
2266 3549 2427 3620 Rex
2459 3602 2481 3635 ,
2530 3567 2673 3616 non
2704 3569 2865 3642 pro·

909 3646 1075 3734 bes,
1122 3665 1327 3741 quam
1352 3700 1372 3729 ,
1401 3643 1627 3716 felicis
1662 3643 2040 3716 memoriae
2062 3700 2082 3734 ,
2117 3647 2325 3719 Pater
2358 3663 2517 3718 tuus
2553 3643 2862 3730 secutus,

901 3743 1294 3822 Lutherum
1345 3739 1763 3814 inviolatum
1808 3739 2004 3825 abire
2053 3739 2277 3838 passus
2315 3742 2475 3833 est3
2526 3765 2671 3815 non
2712 3742 2869 3814 ideo

899 3859 1142 3912 tamen
1188 3863 1404 3935 negas
1465 3837 1889 3913 intervenire
1942 3839 2236 3938 aliquam
2284 3839 2481 3938 poss'e
2554 3840 2827 3913 causam
2856 3895 2878 3926 ,

898 3961 1027 4011 cur
1057 3937 1230 4008 fides
1262 3936 1622 4008 haeretico
1660 3936 1747 4010 fit
1778 3937 2110 4012 servanda
2142 3995 2165 4030 ‚
2218 3939 2535 4037 quamvis
2598 3938 2884 4034 aliquod
2982 3927 2984 3972 ³

890 4053 1252 4134 praeterea
1291 4034 1697 4114 Catholicae
1748 4034 2107 4136 Religioni
2152 4037 2237 4116 fit
2268 4058 2568 4118 :netuen
2586 4039 2762 4116 dum
2782 4035 2883 4106 in-

1153 4159 1162 4164 ·
2155 4167 2165 4188 ·
2368 4169 2386 4184 ²
2693 4157 2885 4210 com-
