3017 5200
824 556 923 646 8⁶
1072 530 1277 605 cist».
1324 488 1600 605 Senim
1651 520 1897 603 Coma.
1950 540 2051 603 nn
2103 540 2282 603 net
2333 540 2566 607 INTER.

824 713 1134 795 futurum
1168 703 1371 779 fuiffe
1406 728 1447 776 a
1486 704 1609 780 tali
1653 690 1910 799 injuria
1953 701 2365 779 tutissimum
2412 729 2557 781 non
2595 722 2782 803 puta*

819 802 929 895 ret
968 866 988 898 ‚
1042 805 1259 879 modo
1302 820 1578 901 praeter
1631 802 2062 899 dignitatem
2121 802 2312 879 suam
2361 804 2498 879 effe
2543 803 2782 879 delini*

818 905 1085 993 mentis
1114 903 1457 1001 populum
1490 901 1580 981 ad
1611 900 2020 999 obsequium
2067 902 2459 993 adducere,
2517 922 2589 981 at
2624 924 2784 977 con·

820 1004 1149 1093 niventia
1182 1000 1520 1098 paulatim
1557 1002 1872 1079 turbatos
1923 1000 2194 1075 animos
2223 1001 2481 1077 sedare.

916 1103 1255 1201 Injuriam
1306 1124 1521 1197 porro
1565 1098 1720 1176 fieri
1767 1098 1969 1172 bonis
2003 1100 2327 1176 omnibus
2355 1156 2376 1190 ‚
2429 1099 2684 1199 quique
2724 1097 2791 1173 in

818 1198 1049 1305 ipsum
1094 1198 1447 1299 propenso
1492 1199 1640 1295 jam
1689 1196 1909 1270 effent
1963 1197 2204 1273 animo
2241 1253 2264 1289 ‚
2327 1199 2497 1274 dum
2547 1198 2788 1272 inobe-

815 1300 1137 1378 dientiae
1180 1297 1257 1373 ἃ
1294 1294 1698 1377 rebellionis
1749 1314 1974 1369 totam
2020 1311 2312 1393 gentem
2359 1296 2788 1397 infimulans,

814 1421 1203 1499 paucorum
1258 1397 1466 1492 culpa
1513 1412 1868 1490 concepta
1913 1394 2307 1470 offensione
2339 1450 2360 1487 ‚
2423 1394 2780 1473 universos

814 1501 933 1581 vel
966 1494 1385 1593 perstringat
1418 1494 1538 1569 vel
1569 1492 1863 1568 deserat.
1968 1495 2111 1567 Sed
2162 1492 2424 1592 parum
2476 1494 2652 1579 meis
2685 1518 2789 1569 raa

808 1596 1124 1671 tionibus
1178 1612 1670 1691 expugnatUS‚
1723 1590 1868 1665 five
1921 1592 2179 1689 quietis
2241 1594 2561 1692 publicae
2631 1615 2793 1674 cura
2877 1612 2882 1617 ·

811 1694 959 1777 five
1031 1692 1357 1789 injuriam
1432 1710 1804 1789 acceptam
1881 1692 2300 1771 vindicandi
2369 1693 2776 1791 cupiditate.

812 1789 1131 1875 Perstitit
1179 1790 1255 1865 in
1291 1790 1680 1879 sententia,
1717 1788 2134 1889 protestatus
2163 1791 2453 1889 quidem
2475 1845 2496 1885 ,-
2534 1814 2683 1867 non
2717 1788 2784 1861 'se

815 1893 1234 1981 voluntate,
1258 1888 1380 1971 sed
1420 1890 1873 1982 necestitate,
1901 1912 2048 1963 non
2083 1890 2486 1983 lubentem,
2523 1892 2641 1967 sed
2680 1888 2778 1961 in·-v

811 1991 1047 2071 vitum
1096 1992 1183 2067 ab
1229 1986 1317 2059 iis
1358 1986 1735 2077 receffiffe3
1775 2012 2006 2084 neque
2037 1990 2633 2085 praecipitanter,
2671 1986 2784 2067 sed

810 2088 1175 2161 eeleritate
1230 2084 1528 2182 periculi
1584 2105 1882 2181 urgente
1939 2086 2141 2183 hujus
2196 2086 2396 2161 faeci·
2427 2089 2786 2163 confilium

808 2182 1166 2281 arripuiss'e
1187 2240 1209 2273 ‚
1246 2202 1459 2281 atque
1487 2183 1564 2267 id
1605 2182 1734 2257 fibi
1770 2182 1912 2257 fine
1945 2208 2144 2267 mora
2173 2184 2375 2259 fuiss'e
2403 2188 2782 2283 exsequen-

688 2296 697 2303 “
810 2285 1041 2367 dum·
1124 2280 1340 2386 Quod
1406 2282 1457 2357 fi
1514 2283 1593 2357 in
1643 2282 1940 2363 alterum
2005 2284 2122 2361 vel
2188 2283 2476 2367 tertium
2539 2285 2788 2357 saltem

811 2382 1007 2464 diem
1042 2374 1407 2461 distuliffet
1440 2438 1460 2471 ‚
1508 2380 1758 2463 fraude
1801 2382 1872 2455 se
1915 2381 2490 2457 circumventum
2528 2440 2549 2474 ,
2603 2380 2775 2455 ludi-

809 2482 971 2563 brio
1024 2477 1341 2557 hostibus
1398 2477 1538 2565 suis
1591 2478 1913 2553 futurum
1952 2479 2225 2569 fuifl'e;
2287 2506 2493 2579 quam
2551 2480 2624 2558 id
2673 2480 2784 2554 vel

812 2580 941 2662 fibi
972 2578 1312 2660 decorum
1356 2576 1472 2652 vel
1527 2575 2003 2674 Reipublicae
2049 2579 2217 2656 'utile
2273 2580 2588 2659 futurum
2634 2578 2782 2653 fue-

812 2681 952 2770 rit,
1001 2702 1119 2750 me
1166 2674 1360 2772 poss'e
1400 2670 1725 2774 judicare
1758 2733 1778 2770 ,
1845 2676 1916 2750 se
1965 2701 2116 2762 non
2163 2703 2249 2752 eo
2306 2679 2514 2778 usque
2569 2677 2786 2755 officii

806 2777 911 2854 sui
958 2776 1261 2856 oblitum
1295 2831 1317 2868 ,
1381 2795 1501 2850 aut
1551 2775 2075 2852 humanitatem
2130 2777 2310 2853 adeo
2337 2833 2359 2868 ‚
2413 2779 2779 2876 pietate1n7

803 2899 942 2974 que
968 2873 1232 2950 exuifl'e
1257 2931 1277 2968 ,
1294 2874 1467 2972 quin
1494 2874 1724 2949 otium
1750 2873 2209 2972 potiusquam
2254 2876 2640 2958 molestiam
2657 2902 2781 2974 po-

804 2976 971 3073 pulo
1008 2971 1405 3048 concedere
1428 2997 1716 3070 ‚pacem
1747 2971 2114 3072 accipere,
2149 2998 2358 3071 quam
2395 2977 2576 3050 bello
2619 2978 2782 3072 p'ro-

804 3071 998 3171 sequi
1031 3071 1269 3162 malit3
1323 3072 1463 3154 Sed
1497 3072 1637 3144 hoc
1685 3073 1833 3169 jam
1885 3073 2252 3148 tolerantia
2297 3072 2516 3171 digna
2565 3071 2642 3148 ἃ
2680 3075 2779 3152 in-

809 3173 1031 3271 digna
1064 3189 1413 3246 tentatum
1445 3193 1596 3244 non
1633 3171 2013 3246 successiffe
2049 3197 2072 3262 3
2123 3169 2201 3246 &
2238 3173 2777 3264 contumeliam,

807 3297 1019 3370 quam
1079 3295 1244 3344 cum
1282 3268 1821 3345 existimationis
1867 3270 2026 3346 suae
2085 3269 2449 3366 dispendio
2497 3272 2774 3346 sustine·

690 3377 710 3388 ‘
798 3392 933 3464 ret,
964 3370 1233 3444 indicio
1262 3368 1398 3444 esse
1420 3393 1604 3460 ,non
1643 3369 2020 3452 succedere
2049 3370 2239 3467 poffe
2261 3426 2282 3462 ,
2307 3395 2470 3449 cum
2503 3371 2594 3446 ad
2613 3375 2776 3446 Pro·

802 3471 1093 3567 vinciae
1160 3469 1336 3542 fines
1394 3467 1846 3568 distineretur
1885 3525 1908 3558 ‚
1977 3467 2055 3542 δε
2101 3467 2340 3544 secum
2407 3465 2496 3546 de
2555 3493 2772 3568 pace,

804 3569 999 3660 velut
1044 3583 1206 3642 cum
1260 3566 1467 3665 hoste
1531 3567 1942 3641 traEtaretur
1979 3625 1999 3656 ‚
2069 3568 2188 3666 qui
2246 3571 2504 3644 bellum
2583 3592 2802 3644 num·.

806 3691 1013 3761 quarn
1056 3723 1077 3756 ,
1142 3689 1367 3762 neque
1415 3665 1744 3762 injuriam
1809 3664 2088 3739 feciss'et
2147 3669 2473 3763 publicae
2521 3666 2775 3764 quietis

809 3765 1012 3844 causa
1040 3821 1061 3854 ,
1114 3765 1330 3856 multa
1372 3763 1441 3838 se
1498 3762 1892 3860 pertuliffe‚
1949 3763 2106 3860 post
2142 3765 2660 3843 conventiones
2707 3764 2774 3837 se

802 3862 1343 3958 reprehensione
1412 3860 1706 3958 dignum
1755 3863 1930 3936 nihil
1983 3863 2380 3952 admififl'et.
2439 3864 2560 3939 sed
2605 3887 2770 3938 con-

802 3961 1075 4058 sumpta
1110 3957 1234 4032 fibi
1279 3957 1536 4032 frustra
1583 3961 1864 4035 confilia
1912 3961 2052 4036 effe
2098 3963 2336 4048 omnia
2367 4021 2388 4057 ‚
2440 3963 2773 4042 sublatam

780 4062 1001 4163 ‚spem
1022 4057 1374 4161 patientia
1402 4057 1473 4138 se
1499 4057 1628 4142 sua
1659 4059 1857 4160 poffe
1890 4061 1979 4144 ad
2009 4062 2513 4153 authoritatem
2541 4061 2770 4234 rogae

2677 4182 2776 4258 gl·
