3017 5200
500 542 625 653 10.
674 550 1075 665 Ausa-amc.
1128 579 1227 634 m·
1276 548 1473 635 oxu.
1520 552 1920 636 ancxcos.
1948 592 1956 597 ’·
2122 562 2234 658 39

230 728 449 807 rebus
474 732 570 833 ad*
613 756 776 809 eum
830 733 1124 811 modum
1168 732 1443 834 pacatis
1537 732 1950 811 rovincialis
1987 732 2208 810 Ordi-

232 854 427 929 num·
463 835 860 909 conventus
907 832 1267 911 indicatur
1312 832 1403 907 ad
1493 834 1750 909 oedera
1799 850 2048 908 mutua
2103 833 2212 908 ita

232 930 716 1029 confirmanda
744 933 861 1007 vel
903 932 1313 1009 renovanda
1332 988 1356 1025 ,
1408 954 1500 1005 ne
1541 932 1690 1031 quis
1724 932 1798 1007 in
1842 930 2210 1030 posterum·

231 1028 605 1201 quidquam
641 1030 719 1103 in
756 1030 843 1105 iis
880 1026 1268 1107 desiderare
1298 1030 1526 1129 posfit.

330 1128 397 1201 A
490 1127 669 1203 haec
718 1154 863 1227 quo
913 1130 1331 1231 placatiores
1366 1127 1624 1203 'reddat
1682 1128 1999 1205 omnium
2051 1130 2200 1207 ani-

220 1246 382 1323 mos
406 1280 426 1317 ,
491 1246 573 1301 ut
622 1228 711 1304 ab
763 1228 1192 1327 illegitimis‚
1250 1226 1858 1319 extraordinariiS,
1909 1226 1988 1303 ἃ
2035 1228 2195 1303 sub·

224 1318 743 1413 clientelaribus
798 1327 1098 1401 consiliis
1146 1324 1491 1401 abstinere
1526 1326 1707 1399 velit
1726 1382 1748 1416 ,
1843 1326 2200 1400 raesertim

215 1442 593 1521 extraneos
624 1438 880 1501 ‘omnes
907 1424 1291 1523 suspe&03‚
1340 1422 1448 1497 uti
1486 1424 1739 1497 male-a
1801 1423 2219 1523 cetos-erga

214 1520 671 1617 provinciam
691 1579 712 1614 ,
742 1546 783 1595 a
815 1523 885 1595 se
914 1522 1317 1612 semoveat,
1340 1520 1514 1595 hinc
1543 1521 1733 1595 enirn
1762 1522 2154 1619 procedere
2173 1580 2200 1613 ,

218 1612 305 1691 ὅτ
332 1635 425 1695 ex
452 1616 597 1697 hoc
628 1616 849 1694 veluti
878 1620 1085 1696 fonte
1112 1640 1397 1696 manare
1422 1618 1768 1718 quidquid
1797 1618 1899 1692 est
1917 1618 2198 1693 incom-
2235 1664 2244 1676 -
2302 1664 2307 1667 -

214 1717 463 1811 modi,
514 1738 595 1792 ut
627 1716 704 1795 ὅτ
739 1718 1278 1811 indifferenter,
1332 1712 1409 1793 ἀ
1455 1718 1854 1791 inordinate
1899 1739 2205 1817 agantur

216 1816 509 1905 omnia,
555 1840 689 1891 nec
718 1815 852 1891 esse
876 1876 899 1909 ,
946 1818 1075 1894 nifi
1107 1818 1193 1893 iis
1224 1816 1564 1919 remotis,
1615 1835 1693 1890 ut
1745 1818 2193 1916 tranquillam

212 1913 810 2011 gubernationem
852 1914 979 1991 fibi
1016 1914 1425 2015 promittat,
1462 1914 1972 1995 aulicamvero
2004 1914 2198 1989 suam

210 2010 575 2089 familiam
611 2034 699 2086 ex
712 2012 1107 2090 Nobilitate
1127 2074 1148 2108 ,
1178 2016 1255 2095 ἃ
1292 2010 1734 2091 Officialibus
1753 2012 1987 2112 Belgis
2015 2036 2193 2111 con-v

216 2106 508 2209 stituat,
554 2112 948 2211 peregrinis
989 2115 1315 2189 omnibus
1359 2138 1403 2188 a
1433 2112 1505 2186 se
1551 2111 1944 2204 abdicatis,
1999 2111 2216 2211 quod'

215 2196 629 2307 suppliciter
676 2232 823 2285 n‘on
854 2212 1103 2306 semel,
1152 2212 1229 2289 &
1270 2211 1632 2287 ferventer
1669 2234 1833 2284 cum
1873 2208 2199 2285 instantia

218 2306 312 2381 ad
344 2306 685 2400 sedandos
737 2330 1139 2387 commotos
1178 2310 1454 2387 animos
1504 2312 1593 2383 ab
1625 2308 1776 2405 ipso
1828 2307 2213 2407 petierint.'
2268 2319 2282 2377 ζ

324 2405 598 2511 Qubus
680 2410 1031 2505 expeditis
1075 2408 1433 2485 amandati
1500 2408 1661 2482 sunt
1725 2405 1815 2478 ad
1885 2402 2198 2479 Austria-

215 2527 386 2581 cum
417 2508 672 2580 Comes
712 2507 1068 2581 Bofl‘ucius
1104 2508 1183 2584 ὅτ
1228 2502 1731 2587 Medekercius
1755 2558 1777 2595 ,
1825 2500 2080 2602 quibus
2112 2492 2194 2577 Sc

220 2628 374 2702 ego·
434 2605 710 2704 collega
766 2607 917 2680 sum
982 2605 1241 2698 datus3
1323 2623 1401 2679 ut
1459 2622 1774 2678 mentem
1835 2601 2196 2678 animum·

216 2723 358 2804 que
379 2701 717 2804 Austriaci
752 2703 1070 2780 officiosa
1106 2703 1483 2800 Ordinum.
1509 2703 1876 2796 voluntate
1915 2702 2186 2776 imbue-

212 2823 452 2878 remus
487 2799 1017 2894 inform-aremus
1065 2829 1193 2898 ue3
1224 2801 1587 2902 postquam
1615 2820 1850 2900 autem
1884 2800 1973 2876 ad
1989 2803 2188 2876 Sere·

210 2899 511 2975 nitatem
539 2897 728 2976 snam
770 2902 976 2978 retuli
1034 2925 1271 2995 emm,
1320 2897 1641 2977 exhibito
1679 2899 2030 2977 Ordinum
2077 2915 2186 2974 re-

212 2991 468 3096 sp’onso
523 2999 873 3098 descripto
907 3059 930 3090 ‚
994 3001 1206 3104 idque
1253 3000 1467 3076 variis
1517 2999 1869 3098 utrimque
1920 2997 2186 3094 consul-

209 3097 633 3191 tationibus,
688 3118 833 3174 tam
874 3099 949 3176 in
988 3095 1271 3200 publico
1300 3097 1623 3174 consessu
1641 3155 1663 3190 ‚
1711 3109 1934 3195 quarn
1999 3097 2185 3170 riva-

209 3195 350 3270 tim
384 3199 977 3278 communicatum
1024 3199 1233 3290 effet,
1282 3189 1640 3272 Boffucius
1674 3193 1753 3271 ὅτ
1797 3199 1930 3272 Me
1985 3193 2224 3268 eker-„

206 3294 370 3372 cius
397 3349 420 3384 ‚
472 3293 593 3393 qui
632 3297 936 3372 reditum
972 3298 1457 3385 maturabant,
1515 3319 1558 3368 a
1607 3293 1724 3368 sua
1779 3291 2182 3369 serenitate

208 3388 471 3470 dimisti
524 3393 616 3468 ad
666 3395 971 3472 Ordines
1013 3397 1325 3490 redeunt,
1358 3417 1523 3469 cum
1573 3391 1694 3493 spe
1736 3411 2012 3468 tanturn
2057 3393 2182 3466 be-

209 3490 413 3592 nigni
445 3491 789 3592 responsi,
838 3516 953 3568 me
985 3494 1085 3574 ibi
1118 3493 1406 3585 relicto,¹
1456 3509 1536 3566 ut
1569 3491 1842 3565 decreti
1873 3491 1978 3566 sui
2005 3491 2189 3568 sum-

209 3600 440 3685 mam,
474 3613 685 3690 quam
714 3593 943 3674 adhuc
978 3593 1373 3696 suspensam
1400 3592 1726 3681 t‘e'nebat,
1768 3590 1860 3664 ad
1878 3590 2184 3668 Ordines

215 3689 592 3770 deferrem.
870 3715 893 3722 ·
928 3747 933 3756 ·

318 3791 625 3889 Cumque
655 3791 847 3868 inter
882 3794 1061 3871 haec
1087 3849 1109 3884 ‚
1128 3792 1297 3869 dum
1333 3815 1421 3868 eo
1452 3789 1738 3892 nomine
1765 3813 1892 3890 per
1925 3786 2192 3890 aliquot

206 3887 371 3964 dies
403 3886 765 3968 Namurci.
802 3892 1172 3982 detineor,
1224 3911 1375 3967 tam
1428 3891 1503 3965 in
1551 3889 1872 3966 Comitiis
1907 3945 1930 3979 ‚
1975 3909 2189 3986 quam

202 3985 551 4086 privatim
584 4013 745 4066 cum
774 3987 891 4066 sua
932 3993 1320 4067 Serenitate
1361 3989 1646 4067 confilia
1671 4011 1832 4064 mea
1859 3985 2190 4085 frequen-

203 4107 319 4168 ter
390 4089 835 4167 contulissem·
876 4147 899 4184 ‚
939 4092 1269 4168 “demum
1338 4090 1429 4164 ad
1489 4087 1808 4164 Ordines,
1851 4081 2208 4256 amangor'

216 4201 231 4212 ·
338 4207 347 4210 ·
1307 4191 1371 4264 C
1416 4209 1468 4282 4
1523 4213 1528 4220 ·
1952 4222 1957 4227 ·
2115 4200 2185 4256 te
