3017 5200
2455 204 2483 244 Ι

859 492 1024 578 ,224
1219 460 2535 579 Co'AsrAxrsScfi‘z'r!

869 652 988 739 vel
1033 647 1404 729 Hollandis
1449 645 1531 721 δε
1590 642 1908 719 Zelandis
1964 641 2181 716 adimi
2228 644 2387 719 suae·
2443 634 2845 745 Religionis

773 802 788 817 ·
875 748 1340 835 exercitium‘5
1405 746 1519 817 vel
1577 742 1653 815 in
1696 741 1848 815 aliis
1905 741 2297 815 Provinciis
2342 743 2525 842 eripi
2558 768 2667 822 tot
2708 751 2836 821 ho-

871 854 1144 931 minum
1175 845 1475 921 millibus
1505 824 2081 915 conscientiarum
2118 840 2532 921 libertatern.
2622 830 2840 951 Quod

870 955 927 1031 fi
957 954 1100 1025 hoc
1151 964 1470 1039 tempore
1516 960 1742 1035 neque
1786 937 1859 1011 in
1900 938 2289 1030 Ordinum,
2334 954 2565 1039 neque
2592 932 2667 1018 in
2706 948 2873 1019 Ca·-

872 1048 1351 1130 tholicorum,
1384 1036 1731 1137 potestate
1774 1036 1979 1110 situm
2022 1034 2201 1125 fuit,
2248 1056 2325 1111 ut
2362 1038 2519 1130 haS,
2555 1041 2647 1113 de
2678 1042 2835 1141 qui-

871 1146 1006 1237 bus
1035 1142 1350 1241 egimus,
1401 1134 1880 1222 conditiones,
1932 1133 1980 1205 fi
2030 1134 2329 1210 bellandi
2359 1128 2843 1217 nec‘effitatem

877 1246 1202 1341 effugere
1247 1234 1470 1313 velint
1505 1292 1529 1325 ‚
1580 1256 1722 1307 non
1768 1230 2143 1307 admittant
2180 1281 2203 1323 ‚
2248 1258 2395 1332 quo
2430 1230 2632 1333 patsto
2684 1258 2843 1313 tan..

883 1347 1052 1421 dem
1081 1338 1337 1415 merito
1383 1333 1533 1433 quis
1579 1332 1894 1421 dubitet,
1929 1352 2055 1403 nos
2087 1356 2291 1427 quam
2324 1333 2629 1429 primum
2660 1338 2841 1412 civi-

873 1439 952 1523 le
989 1440 1246 1518 bellum
1277 1450 1775 1519 renovatur05‚
1812 1422 1860 1501 fi
1896 1430 2243 1527 ejusmodi
2272 1430 2633 1529 quippiam
2674 1438 2841 1511 Pro-

886 1537 1294 1619 testantibus
1337 1552 1462 1631 per
1531 1530 1909 1601 Generales
1964 1528 2265 1603 Ordines
2324 1529 2839 1628 imperaretur?

887 1639 1104 1719 Nulla
1143 1652 1338 1708 certe
1387 1623 1836 1725 jurisjurandi
1878 1624 2165 1723 Religio
2204 1685 2225 1719 ,
2286 1630 2516 1703 nullae
2578 1634 2844 1706 cautio-

881 1762 1012 1821 nes
1056 1757 1176 1809 eos
1218 1728 1617 1803 inhiberent
1648 1781 1669 1815 ,
1782 1750 1874 1798 uo
1930 1724 2157 1797 minus
2204 1725 2365 1825 post
2424 1729 2585 1803 talis
2632 1730 2845 1805 ediffi

881 1827 1528 1935 promulgationem
1610 1847 1743 1899 con
1780 1820 1980 1896 estim
2063 1822 2153 1895 ad
2230 1849 2421 1899 arma
2485 1828 2837 1903 redirent:

685 2003 694 2014 .
759 1924 782 1937 ‘
883 1956 1098 2035 quam
1160 1930 1256 2003 ob
1337 1924 1615 1998 causam
1679 1920 2137 1995 dubitandum
2210 1925 2425 2014 etiam
2490 1948 2636 2001 non
2708 1928 2843 2014 est,

883 2058 979 2107 eo
1028 2025 1454 2129 potiffimum
1502 2041 1825 2116 tempore
1854 2076 1875 2109 ‚
1928 2044 2065 2117 quo
2109 2039 2383 2097 tantum
2416 2080 2438 2117 ‚
2486 2026 2675 2123 proh
2732 2027 2847 2099 do·

889 2132 1036 2207 ior!
1090 2128 1601 2203 incrementum
1628 2114 2171 2193 Protestantium
2201 2118 2483 2221 Religio
2529 2125 2846 2222 aceepit,

888 2220 1202 2305 Ordines
1241 2243 1388 2315 non
1419 2217 1898 2308 ausuros‚imo
1932 2239 2023 2289 ne
2062 2218 2495 2317 cogitaturos
2531 2224 2849 2321 quidem,

892 2324 1350 2403 constitutam
1403 2317 1483 2391 &
1532 2314 1928 2414 promiffam
1998 2316 2181 2390 hanc
2244 2316 2663 2395 libertatem*
2698 2322 2847 2418 ipsis

896 2426 1193 2523 eripere.
1245 2419 1427 2507 Sed,
1458 2440 1549 2489 ne
1576 2434 1742 2490 ante
1774 2413 2135 2489 biennium
2170 2416 2459 2513 quidem
2480 2476 2505 2511 ‚
2556 2442 2639 2495 ut
2674 2421 2842 2495 dixi·

887 2550 1091 2614 mus,
1141 2520 1253 2593 vel
1287 2514 1623 2593 Hollandi
1668 2537 1753 2587 ac
1792 2512 2079 2587 Zelandi
2118 2512 2189 2587 id
2216 2513 2472 2613 in'suis
2504 2519 2851 2593 exercitiis

893 2619 1297 2699 toleraffent
1337 2673 1358 2707 ,
1421 2614 1541 2686 vel
1590 2614 1875 2686 aliarum
1934 2613 2467 2690 Provinciarum
2518 2619 2723 2710 cives
2785 2617 2847 2691 se

895 2719 1151 2808 rursus,
1171 2711 1440 2813 legibus
1460 2731 1711 2786 contra
1733 2711 2125 2787 haereticos
2154 2713 2335 2803 latis,
2367 2711 2689 2790 coerceri
2704 2740 2847 2818 per-

895 2815 1262 2896 mififfent:
1315 2812 1551 2910 itaque
1598 2829 1767 2886 tunc
1816 2810 2031 2885 etiam
2082 2811 2285 2888 nobis
2326 2813 2447 2887 hic
2477 2815 2640 2912 ipse
2689 2815 2853 2888 arti-

897 2919 1136 3008 culus,
1187 2935 1436 3012 quam,
1477 2909 1551 2984 in
1594 2907 1985 3007 Majestatis
2028 2929 2227 3001 tuae,
2280 2909 2359 2988 ἃ
2394 2906 2642 2986 Fratris
2694 2937 2857 3008 gra-

902 3015 1076 3106 tiam
1099 3069 1122 3102 ,
1171 3010 1521 3108 adjecitum
1566 2991 2115 3100 credimusfinon
2154 3033 2467 3108 magnam
2498 3004 2706 3084 nobis
2742 3031 2860 3084 at-

899 3111 1164 3190 tuliffet
1197 3110 1591 3184 utilitatem.
1709 3107 2062 3182 Postremo
2086 3165 2107 3199 ‚
2152 3107 2332 3182 haec
2364 3107 2495 3204 ipsa
2524 3107 2860 3182 conditio

900 3237 990 3288 eo
1035 3209 1225 3307 ips0,
1276 3207 1467 3307 quod
1514 3201 1901 3281 Ordinibus
1938 3206 2206 3281 sancire
2256 3206 2337 3282 &
2369 3207 2669 3280 definire
2712 3232 2857 3280 non

899 3307 1350 3388 interdicitur
1375 3364 1396 3398 ,
1446 3329 1917 3402 quaecumque
1967 3324 2112 3377 tam
2170 3306 2260 3380 ad
2306 3305 2753 3404 Religionem
2790 3304 2863 3378 &

903 3408 1216 3484 debitam
1257 3402 1628 3501 Majestati
1687 3422 1849 3477 tuae
1914 3403 2392 3478 obedientiam
2427 3461 2451 3496 ‚
2510 3419 2708 3502 quam
2770 3403 2867 3476 ad

906 3505 1446 3604 Rempublicam
1485 3501 1908 3599 pertinentia
1935 3559 1956 3593 ,
1988 3501 2179 3574 utilia
2210 3503 2349 3578 efl‘e
2394 3504 2816 3600 judicabunt
2840 3558 2861 3590 ‚

897 3605 986 3682 ἃ
1020 3605 1095 3678 in
1132 3607 1263 3678 hac
1295 3600 1374 3682 ἃ
1409 3602 1482 3676 in
1517 3600 1648 3675 alia
1685 3600 1927 3698 quavis
1961 3600 2343 3675 concordia
2388 3602 2599 3676 tacite
2630 3601 2863 3674 conti·

905 3704 1072 3780 neri„
1107 3702 1545 3800 intelligitur.
1631 3699 1859 3803 ‘Quod
1912 3693 1979 3771 fi,
2022 3698 2099 3773 in
2144 3700 2477 3796 proximo
2522 3700 2863 3774 Ordinum

910 3819 1275 3875 conventu
1306 3797 1647 3897 ejusmodi
1678 3795 2037 3894 quippiam
2076 3798 2439 3893 expediri,
2474 3798 2553 3896 βε,
2588 3799 2863 3873 obtine·-

911 3899 975 3981 xi
1015 3898 1207 3996 posse
1249 3899 1609 3986 credatur,
1654 3893 2111 3970 nihilominus
2156 3895 2231 3968 id
2281 3897 2592 3973 Ordines
2636 3897 2870 3970 decre-

913 3999 1050 4076 turi
1078 3996 1274 4091 sunt,
1294 4021 1502 4096 quam
1533 3995 1581 4072 fi
1608 4017 1795 4072 nunc
1820 3993 1977 4072 talis
2006 3993 2340 4075 ferendae
2366 3995 2544 4100 legis
2570 3993 2870 4096 potesta-

2402 4111 2408 4118 ’
2730 4112 2881 4170 tem
