3017 5200
53 302 55 305 ’
52 100 87 281 ‘ww
52 0 80 89 -Ἲι

51 818 73 1039 -ὴ-Ἴε-
58 777 77 788 ι
50 588 72 747 ‘nr-*vv
52 388 73 560 .-.·-·-
53 342 55 355 -

609 1558 649 1571 a-

838 518 985 595 126
1179 503 2494 621 Casrsnrsscgrzrr

824 714 956 789 qua
985 706 1252 767 tantum
1286 692 1564 784 audita,
1585 690 1964 771 adversarii
1997 692 2068 768 se
2103 694 2364 771 derisos
2397 695 2541 771 effe
2567 692 2776 789 dictuss

822 790 883 863 ri
927 788 1080 863 sunt
1114 848 1136 879 ,
1186 816 1272 889 ac
1299 816 1507 888 quam
1556 791 1906 890 primum,
1962 792 2089 867 nifi
2133 795 2344 870 aliam
2382 796 2510 872 fibi
2539 819 2780 892 propo÷

820 886 896 960 ni
938 886 1386 987 intelligant,
1442 889 1736 964 domum
1779 890 2094 981 redituri.
2195 894 2679 1001 Quamobrem
2715 892 2782 968 δε

828 982 1048 1081 ipsam
1115 988 1650 1084 Imperatoriam
1735 986 2181 1086 Majestatem
2220 1048 2245 1083 ,
2315 992 2392 1067 ἀ
2419 976 2783 1088 'Principes
2874 984 2890 1001 “

770 1128 773 1131 ·
820 1082 991 1157 istos
1032 1087 1345 1183 graviter
1402 1110 1523 1159 eos
1561 1087 2003 1164 accusaturos
2053 1090 2427 1165 verisimile
2473 1088 2578 1163 est
2614 1116 2636 1179 3
2683 1089 2788 1187 qui

825 1181 981 1255 talis
1010 1184 1277 1259 consilii
1330 1184 1576 1283 (quod
1605 1184 2052 1283 Majestatem
2088 1206 2279 1262 tuam
2309 1189 2629 1263 secutam
2661 1188 2784 1261 effe

762 1342 779 1365 .
824 1284 1272 1381 summopere
1303 1282 1782 1384 admirentur)
1835 1306 1984 1360 non
2041 1284 2256 1363 veriti
2300 1286 2465 1363 sunt
2511 1286 2642 1361 tibi
2669 1282 2792 1377 effe

834 1381 1176 1461 auctores,

924 1480 1175 1554 REX.
1224 1478 1399 1551 Sunt
1442 1479 1703 1577 Belgae
1745 1479 2033 1579 quidem
2087 1482 2366 1583 indigni
2419 1508 2548 1575 ea,
2599 1502 2795 1579 quam

824 1602 951 1677 per
984 1579 1293 1665 Fratrem
1316 1632 1337 1665 ‚
1364 1576 2014 1665 felicis'memoriae
2033 1637 2054 1670 ,
2077 1581 2207 1655 illis
2237 1603 2410 1658 ante
2440 1579 2796 1657 biennium

821 1673 1099 1775 permisi
1121 1730 1143 1765 ,
1185 1674 1582 1773 Religionis
1629 1675 1952 1753 libertate
1983 1735 2008 1770 ,
2059 1670 2320 1779 quippe
2389 1682 2519 1780 qui
2569 1676 2800 1777 postea

820 1769 1217 1849 haereticas
1252 1771 1638 1847 conciones
1670 1774 1748 1851 dc
1779 1778 2212 1854 ceremonias
2247 1778 2320 1853 in
2369 1800 2486 1853 tot
2517 1776 2798 1851 urbibus

697 1948 702 1957 ,
822 1870 1296 1960 admiserunt,
1346 1870 1694 1971 imagines
1730 1873 2131 1967 diruerunt,
2183 1881 2447 1975 templa
2481 1871 2798 1950 demoliti

826 1972 987 2046 sunt
1012 2024 1034 2059 ‚
1088 1994 1173 2043 ac
1206 1969 1618 2081 quibusdam
1661 1970 1736 2047 in
1782 1973 1956 2059 locis
1999 1974 2490 2051 sacerdotibus
2529 2000 2620 2051 ac
2653 1972 2796 2083 reli-

828 2068 1035 2169 giosis
1064 2067 1379 2165 plurimis
1414 2069 1857 2144 contumeliis
1889 2074 2161 2147 vexatis
2193 2130 2216 2165 ,
2263 2072 2578 2147 ludibrio
2623 2074 2807 2146 habi·

834 2169 971 2257 tis,
1024 2190 1109 2242 ac
1134 2165 1423 2241 tandem
1459 2166 1598 2241 suis
1625 2166 1902 2243 sedibus
1931 2170 2171 2267 pulsis,
2199 2170 2614 2269 catholicos
2650 2194 2814 2281 quo3

832 2291 968 2366 que
1016 2266 1195 2339 ritus
1246 2263 1676 2341 sustulerunt.
1778 2268 1912 2340 Per
1953 2269 2128 2342 haec
2187 2263 2378 2341 enim
2433 2289 2593 2343 tam
2633 2324 2656 2358 ‚
2715 2292 2816 2367 qm
2925 2331 2933 2345 .

834 2382 921 2441 e'a
948 2364 1085 2439 ausi
1119 2363 1276 2445 sunt
1309 2362 1706 2455 haeretici,
1755 2361 1962 2461 quam
1997 2357 2128 2465 quis
2153 2360 2317 2463 paffi
2343 2366 2812 2440 sunt'Cathb·

730 2499 779 2566 χ
832 2465 959 2540 lici
1013 2462 1111 2563 (fi
1152 2481 1383 2536 tamen
1420 2460 1499 2535 hi
1539 2458 1892 2537 Catholici
1920 2456 2078 2539 sunt
2114 2458 2484 2561 habendi)
2536 2463 2622 2538 &
2661 2488 2808 2539 con.

834 2563 1150 2644 stitutam
1179 2563 1265 2635 ab
1292 2558 1662 2666 Austriaco
1690 2564 1926 2635 Fratre
1956 2564 2236 2654 Pacem,
2255 2556 2527 2640 &illud
2557 2562 2776 2661 ipsum
2794 2619 2812 2654 ‚

838 2655 1026 2760 quod
1056 2661 1245 2762 inter
1284 2659 1355 2732 se
1402 2658 1712 2733 inierant
1745 2659 2075 2740 Gandavi
2102 2719 2119 2749 ‚
2156 2662 2413 2736 foedus
2445 2661 2807 2738 manifeste

832 2760 1214 2836 violarunt.
1318 2757 1715 2832 Calviniani
1755 2782 1968 2849 vem,
2001 2759 2119 2858 qui
2152 2759 2456 2836 ardente
2493 2763 2682 2838 bello
2701 2815 2721 2850 ,
2746 2759 2811 2835 ἅ

833 2855 1087 2933 nostris
1116 2853 1586 2944 exercitibuS,
1625 2854 2023 2932 cervicibus
2063 2856 2344 2934 illorum
2381 2859 2812 2936 imminenti-

836 2959 1001 3044 bus,
1031 2955 1221 3027 hunc
1254 2951 1326 3026 in
1355 2954 1646 3048 modum
1669 3010 1690 3043 ‚
1719 2979 1882 3029 cum
1922 2971 2118 3030 tanto
2155 2957 2717 3034 Catholicorum
2745 2960 2825 3032 ab

835 3054 995 3153 ipfis
1031 3051 1467 3128 alienationis
1491 3052 1841 3152 periculO,
1860 3053 2162 3130 insanire
2191 3055 2427 3132 veriti
2458 3082 2614 3133 non
2642 3059 2812 3146 sunt,

842 3151 1117 3239 causam
1144 3151 1389 3249 procul
1434 3149 1653 3226 ¹dubio
1699 3151 2082 3244 dederunt,
2115 3179 2238 3230 cur
2254 3155 2422 3231 veri
2439 3155 2787 3254 Catholici
2805 3210 2830 3252 ,Ὁ

845 3277 1011 3328 cum
1046 3274 1167 3326 eos
1193 3251 1347 3349 plus
1381 3248 1574 3348 posse
1605 3251 2287 3350 animadverterent,
2317 3255 2572 3358 magis
2601 3257 2724 3350 fibi
2749 3255 2820 3329 ab

846 3352 1255 3450 ipfis,quam
1284 3351 1371 3423 ab
1406 3347 1563 3424 ullis
1601 3349 2018 3444 infidelibus,
2041 3361 2126 3448 a‘c
2141 3353 2416 3431 Turcis
2441 3413 2465 3448 ,
2500 3357 2578 3430 in
2613 3351 2820 3454 poste-

846 3475 1001 3525 rum
1020 3469 1333 3523 metuere
1366 3447 1626 3522 merito
1646 3449 1975 3527 debeant.
2015 3451 2360 3557 Quamvis
2392 3474 2648 3528 autem
2667 3455 2824 3526 haec

845 3550 948 3624 ita
984 3547 1502 3637 sese-habeant3
1555 3547 1726 3621 istae
1767 3567 2004 3622 tamen
2041 3573 2290 3660 graves
2335 3550 2428 3628 &
2459 3551 2824 3628 intoleran-

836 3647 983 3722 dae
1017 3700 1039 3737 ,
1076 3644 1155 3720 ἃ
1185 3667 1329 3719 tam
1386 3645 1756 3722 diuturnae
1806 3645 2350 3724 miserrlmorum
2403 3652 2824 3750 populorum

846 3745 1273 3820 calamitates
1289 3800 1312 3835 ,
1332 3763 1539 3842 atque
1571 3745 1744 3817 aliae
1771 3743 2028 3818 deinde
2047 3746 2268 3844 justae
2285 3747 2370 3824 δε
2391 3775 2672 3850 graves
2690 3772 2827 3824 cau·

843 3847 997 3936 sae,
1046 3865 1210 3940 quas
1244 3861 1409 3915 ante
1442 3842 1802 3916 biennium
1851 3842 2127 3920 secutus
2173 3845 2324 3921 sum
2353 3906 2380 3940 ,
2443 3873 2653 3924 nunc
2683 3871 2830 3945 quo·

842 3967 977 4044 que
1002 3939 1185 4017 mihi
1229 3939 1648 4037 persuadent
1684 3966 1706 4032 3
1757 3958 1836 4014 ut
1883 3944 2178 4018 eandem
2227 3945 2360 4021 illis
2403 3947 2489 4022 in
2530 3946 2836 4046 Religio-

847 4066 939 4130 ne
975 4063 1232 4142 pacem
1265 4035 1341 4114 ἃ
1384 4035 1810 4146 Ηῐεκτηειῑεπῐιι
1832 4039 2075 4141 largiri
2116 4043 2498 4124 statuerim
2525 4104 2553 4142 ‚
2608 4067 2838 4144 quam,

2775 4143 2971 4224 ab'

2974 2196 2975 2226 l

2973 2230 2975 2263 l
