3017 5200
779 518 952 597 2'0‘25
1123 510 1808 623 C·1qrakts
1914 506 2443 579 Seiinssrx

779 690 902 769 uili
971 683 1256 785 perjurii
1355 677 1657 756 crimine
1747 679 1999 787 procul
2102 676 2319 755 dubio
2372 668 2764 755 ‘or'mntmz

779 787 1258 895 Quamobrem
1325 796 1605 853 certum
1666 794 1880 849 enam
1930 776 2033 850 est
2062 832 2085 867 ‚
2142 779 2271 853 tria
2324 778 2479 873 ipfis
2526 800 2759 873 oppo-

775 889 904 963 fita
944 878 1363 965 commoda,
1415 900 1595 973 quae
1629 874 1881 971 partim
1917 875 2227 949 humano
2258 876 2539 973 generi,
2592 898 2759 969 par-

773 988 905 1059 tim
949 977 1234 1077 singulis
1267 973 1580 1051 nostrum
1630 993 1775 1046 tam
1825 974 2196 1047 neceffaria
2236 977 2433 1063 sunt,
2482 996 2567 1045 ex
2602 972 2765 1045 fide

775 1086 1052 1160 servata
1097 1074 1466 1150 nascitura.
1568 1076 1762 1147 Nam
1822 1069 1903 1148 ὅτ
1955 1072 2389 1169 frequentius
2422 1070 2763 1143 homines

713 1247 718 1253 .
778 1183 966 1257 inter
1007 1175 1119 1264 se,
1155 1196 1320 1247 cum
1353 1172 1715 1245 neeeffitas
1748 1168 2081 1267 postulat,
2128 1194 2350 1268 neque
2388 1169 2555 1241 aliae
2584 1192 2769 1241 cau-

779 1280 1012 1353 tiones
1061 1271 1306 1347 adsunt
1339 1326 1361 1358 ,
1425 1270 1571 1344 solo
1662 1268 1984 1344 contenti
2048 1290 2297 1343 mutuo
2353 1270 2763 1365 juramento

775 1375 1068 1453 foedera
1117 1369 1421 1453 inibunt,
1473 1366 1553 1441 δε
1586 1367 1911 1440 divinum
1962 1368 2297 1456 Nomen,
2335 1366 2411 1439 in
2444 1388 2567 1455 ea,
2618 1388 2767 1460 qua

780 1476 1000 1557 debet
1035 1524 1055 1557 ‚
1119 1464 1575 1539 veneratione
1650 1464 1965 1537 habitum
2000 1522 2023 1553 ‚
2088 1466 2216 1562 ipsi
2276 1465 2493 1539 etiam
2560 1462 2765 1535 Relia

579 1546 588 1555 .
689 1600 698 1609 ·
785 1568 984 1671 gioni
1041 1566 1381 1662 majorem
1435 1564 1653 1637 addet
1716 1562 2273 1653 auetoritatem3
2338 1561 2414 1637 ἃ
2472 1560 2761 1658 singulis

739 1669 746 1686 ¹
781 1668 1093 1745 nostrum
1155 1661 1494 1761 paulatim
1572 1684 1729 1737 eam
1810 1660 2221 1735 conciliabit
2310 1660 2582 1745 fidem,
2680 1678 2758 1731 ut

785 1765 1116 1851 tandem,
1166 1761 1486 1856 injuratis
1538 1782 1809 1857 quoque
1884 1762 2139 1855 absque
2193 1760 2509 1857 periculo
2558 1756 2760 1829 credi

783 1864 1017 1965 poss'e,
1067 1860 1184 1933 alii
1229 1860 1564 1957 paulatim
1603 1858 1987 1959 judicatnri
2030 1858 2179 1933 fint.
2288 1856 2589 1961 Quando
2620 1853 2755 1951 igi-

788 1986 904 2039 tur
936 1985 1100 2037 cum
1133 1958 1240 2031 his
1272 1958 1478 2029 tantis
1509 1957 1717 2029 bonis
1750 1956 2217 2052 comparanda
2242 1978 2385 2028 non
2418 1954 2521 2027 est
2554 1976 2755 2051 prae-

783 2058 1001 2141 sentis
1045 2057 1163 2130 ina
1198 2054 1535 2151 temporis
1574 2054 1837 2127 utilitas
1866 2106 1887 2142 ‚
1941 2053 2083 2126 five
2120 2078 2202 2126 ea
2244 2052 2561 2149 priv-ata,
2613 2050 2757 2123 five

784 2158 1066 2258 publica
1097 2211 1118 2244 ‚
1181 2172 1388 2249 atque
1434 2153 1523 2227 ad
1574 2151 2020 2247 Religionem
2076 2168 2353 2253 qnoque
2402 2149 2759 2247 pertinens

790 2249 1010 2333 fneiit
1037 2310 1058 2344 ‚
1109 2274 1284 2349 quae
1335 2274 1466 2323 nos
1497 2250 1587 2323 ad
1620 2250 2025 2323 violandum
2068 2248 2466 2347 promiss'um
2500 2247 2760 2324 sollici·

791 2366 942 2444 tat,
991 2351 1244 2423 merito
1275 2348 1433 2421 sane
1465 2348 1773 2423 diximus
1792 2404 1813 2437 ,
1862 2371 1985 2421 nos
2013 2370 2297 2445 propter
2328 2350 2511 2421 hanc
2539 2345 2754 2419 etiam

794 2453 1075 2529 causam
1125 2446 1599 2545 procliviores
1640 2446 1775 2519 ess'e
1831 2446 2085 2519 debere
2118 2504 2138 2536 ‚
2205 2446 2294 2521 ad
2338 2445 2483 2518 illas
2520 2445 2757 2541 potius

759 2546 1567 2656 ·probandas·ratione8‚
1596 2546 1845 2644 quibus
1884 2545 2206 2632 adduffi,
2232 2544 2577 2642 justitiam
2614 2564 2753 2616 non

794 2643 1086 2725 defuisse
1114 2647 1509 2742 juramento
1546 2643 1823 2731 nostro,
1855 2644 2545 2740 credidimu8‚quam
2584 2663 2752 2718 con·

793 2747 1056 2826 trariis:
1105 2743 1428 2840 quamvis
1470 2743 1603 2815 hae
1654 2741 2027 2836 diligenter
2060 2741 2137 2816 ἃ
2162 2740 2425 2818 fincere
2467 2765 2506 2813 a
2554 2740 2759 2814 nobis

796 2845 1233 2938 examinatae
1263 2896 1284 2930 ‚
1339 2843 1452 2914 vel
1499 2863 1661 2936 par,
1710 2843 1819 2912 vei
1864 2839 2073 2914 etiam
2114 2843 2465 2938 aliquanto
2498 2839 2755 2934 majuS,
2816 2831 2829 2848 ⁹

794 2947 1010 3020 robur
1040 2941 1300 3012 habere
1317 2937 1719 3026 videantur.
1822 2939 2015 3012 Nam
2052 2940 2137 3012 ad
2171 2940 2319 3011 illas
2348 2955 2561 3010 tantas
2608 2935 2753 3007 uti-

795 3044 1032 3117 litates
1077 3039 1218 3110 hoc
1263 3036 1482 3109 etiam
1540 3035 1824 3111 accedit
1860 3091 1881 3124 ‚
1934 3039 2121 3133 quod
2154 3059 2457 3134 ‘aequum
2502 3033 2752 3122 admo·-
2796 3072 2805 3084 ,

795 3143 964 3216 dum
997 3138 1117 3226 fit,
1169 3134 1394 3210 divini
1426 3133 1761 3210 Nominis
1798 3133 2330 3208 invocationem
2366 3133 2511 3231 ipfis
2534 3131 2760 3204 etiam

794 3237 1182 3314 rationibus
1214 3291 1236 3322 ,‚
1289 3253 1366 3307 ut
1415 3232 1696 3330 majoris
1746 3233 2073 3328 ponderis
2114 3233 2357 3308 haberi
2408 3233 2757 3317 debeant,

797 3337 1064 3433 aliquid
1093 3333 1396 3428 adjicere
1437 3329 1811 3408 momenti.
1859 3332 2095 3428 Atque
2132 3334 2270 3405 hoc
2298 3330 2581 3429 quidem
2612 3327 2747 3414 est,

791 3432 1316 3509 ciementiffime
1348 3433 1508 3505 Rex
1533 3481 1555 3520 ‚
1604 3430 2114 3504 saluberrimum
2145 3430 2349 3516 illud,
2386 3452 2551 3502 meo
2573 3424 2747 3525 judi-

803 3533 920 3605 cio
959 3590 982 3622 ‚
1029 3551 1181 3604 tum
1231 3530 1321 3602 ad
1370 3529 1763 3606 cavendum
1820 3553 2031 3602 omne
2077 3528 2520 3602 temerat-ium
2574 3527 2753 3622 jura-

802 3651 1120 3704 mentum
1153 3685 1173 3716 ,
1242 3647 1390 3700 tum
1461 3628 1675 3703 etiam
1742 3627 1829 3698 ad
1862 3626 2218 3700 vitandam
2271 3623 2767 3722 cujuscumque

797 3728 1200 3833 juramenti,
1215 3725 1869 3822 quomodocumque
1899 3724 2207 3819 praestiti
2228 3781 2246 3815 ,
2268 3724 2767 3808 violati-onem,

799 3825 1058 3921 ernditi
1091 3824 1270 3896 illius
1306 3822 1857 3897 viticonfilium.
1928 3822 2141 3922 Quod
2174 3823 2221 3896 fi
2260 3823 2497 3912 tamen
2532 3822 2772 3905 illum,

800 3947 1004 4022 quem
1047 3919 1410 4015 descripsi,
1448 3921 1760 3994 animum
1812 3920 1901 3994 ad
1933 3923 2146 3993 fidem
2198 3921 2614 4007 servandam
2663 3917 2766 3988 af·

797 4023 1108 4106 ferentes
1137 4074 1160 4110 ,
1231 4036 1430 4116 tuipe
1478 4017 1935 4116 nihilominue
1980 4019 2063 4096 <Sc
2106 4020 2510 4120 improbum
2560 4013 2768 4098 fuiffe

2595 4111 2766 4214 ῥω-
