3017 5200
796 526 951 610 190
1152 510 1849 603 casrstxrj
1952 510 2486 591 Senti-1

800 688 1102 769 stimant.
1169 689 1358 780 Alii,
1397 688 1636 763 nescio
1670 711 1798 785 per
1825 712 1995 787 quas
2029 692 2408 765 verborum
2448 690 2734 765 suorum
2767 708 2808 765 a

800 790 877 867 se
926 788 1265 863 conficias
1302 786 1967 885 interpretatione3‚
2015 788 2426 887 praestitiss'e
2449 790 2522 863 se
2543 846 2566 881 ,
2603 786 2804 887 quod

806 886 1115 988 polliciti
1166 886 1329 960 sunt
1356 940 1379 975 ,
1432 886 1780 960 affirmare
1827 908 1974 961 non
2013 907 2348 962 verentur
2383 912 2409 978 3
2469 888 2804 987 quamvis

806 986 995 1062 aliud
1028 1010 1202 1073 eos,
1250 985 1507 1083 quibus
1533 984 1751 1060 fidem
1794 985 1984 1059 suam
2029 984 2531 1077 astrinxerunt,
2585 987 2804 1061 intel·

808 1083 1054 1162 lexiffe
1093 1108 1237 1158 non
1284 1084 1638 1159 dubitent.
1688 1085 1795 1157 Ita
1820 1085 2078 1182 quippe
2105 1084 2424 1180 captivus
2449 1084 2754 1185 quidam
2777 1140 2799 1174 ,

809 1209 897 1257 ea
941 1184 1101 1279 lege
1132 1182 1218 1255 ad
1266 1181 1505 1255 nescio
1543 1206 1721 1279 quae
1749 1185 2036 1281 negotia
2071 1182 2511 1257 conficienda
2542 1183 2800 1257 dimis-

804 1283 955 1373 sus,
1002 1302 1082 1353 ut
1112 1281 1201 1355 ad
1230 1280 1620 1355 Dominum
1659 1282 1854 1355 suum
1889 1282 2191 1371 rediret,
2243 1304 2404 1355 cum
2443 1304 2537 1357 ex
2577 1282 2799 1357 itine-

804 1404 929 1470 re,
974 1398 1325 1477 tamquam
1362 1379 1617 1477 aliquid
1662 1402 1790 1476 per
1837 1379 2275 1455 oblivionem
2321 1381 2506 1477 apud
2537 1381 2798 1455 Domi-

807 1504 983 1560 num
1032 1476 1405 1577 reliquiffet
1428 1534 1450 1568 ,
1491 1476 1809 1553 reversus
1832 1536 1853 1568 ,
1905 1499 2114 1577 atque
2159 1478 2413 1552 iterum
2465 1504 2554 1553 eo
2577 1537 2599 1569 ,
2656 1504 2795 1578 quo

733 1586 743 1593 ’
810 1578 1305 1657 dimittebatur
1324 1634 1345 1668 ,
1394 1576 1755 1673 profectus
1785 1576 1954 1653 effet
1973 1636 1995 1669 ‚
2022 1577 2240 1651 fidem
2269 1576 2338 1651 se
2375 1578 2566 1652 suam
2594 1604 2794 1677 prae-

760 1705 767 1716 ·
808 1683 999 1755 clare
1038 1674 1356 1749 liberaffe
1378 1676 1766 1773 judicabat.
1867 1676 2006 1751 Sed
2041 1675 2116 1749 hi
2157 1696 2568 1773 praetextus
2595 1700 2788 1775 pror·

808 1780 919 1855 sus
960 1776 1205 1850 inanes
1269 1773 1753 1871 improborum
1815 1793 2098 1851 tantum
2171 1775 2332 1848 sunt
2379 1776 2798 1867 hominum,

808 1876 930 1991 qui
991 1896 1086 1948 ne
1136 1874 1458 1971 propriae
1504 1873 1794 1971 quidem
1841 1872 2354 1947 accusationem
2426 1874 2790 1951 conscien-

807 1996 994 2063 tiae,
1045 1974 1239 2045 hisce
1271 1976 1433 2046 Deo
1462 1971 1542 2045 δε
1574 1971 1773 2045 bonis
1805 1970 2133 2045 omnibus
2164 1974 2582 2048 execrandis
2611 1975 2791 2049 frau-

813 2071 1397 2168 dibus,effugere
1438 2068 1652 2143 facile
1685 2089 2020 2169 poterunt
2053 2096 2070 2145 :
2119 2068 2285 2145 satis
2321 2072 2514 2150 enim
2541 2074 2790 2149 intelli-

810 2183 991 2275 gunt
1020 2226 1043 2261 ‚
1096 2170 1235 2243 hoc
1288 2167 1358 2241 se
1410 2191 1659 2243 revera
1711 2168 1896 2267 apud
1941 2172 2177 2244 Deum
2229 2170 2530 2268 jurasse,
2607 2174 2787 2271 quod

813 2270 1037 2349 verba
1081 2267 1198 2342 sua
1240 2266 1326 2342 iis
1366 2324 1389 2357 ,
1436 2266 1685 2365 quibus
1737 2268 2066 2365 jurabant
2102 2325 2125 2359 ,
2177 2268 2578 2366 significare
2625 2272 2790 2346 scie·

812 2372 1009 2447 bant.
1121 2366 1268 2442 Alii
1321 2364 1720 2441 honestiore
1789 2367 2030 2440 colore
2095 2368 2488 2466 perjurium
2551 2371 2789 2446 defen·

814 2472 996 2545 dunt
1016 2523 1038 2558 ,
1082 2490 1336 2541 verum
1365 2483 1708 2563 negantes
1739 2463 1876 2539 esse
1904 2466 2378 2563 jusjurandum
2398 2526 2422 2559 ,
2447 2470 2646 2569 quod
2675 2493 2790 2567 per

814 2567 971 2646 vim
993 2624 1015 2658 ,
1055 2564 1288 2664 gravis
1338 2564 1630 2663 alicujus
1669 2563 1960 2662 periculi
2003 2567 2118 2641 vel
2171 2565 2617 2644 incommodi
2659 2592 2792 2643 me·

817 2686 973 2743 tum
1014 2665 1176 2764 ipfis
1224 2663 1735 2754 mentientem,
1771 2663 1858 2737 fit
1905 2685 2304 2743 extortum:
2353 2688 2427 2741 at
2481 2669 2550 2742 ui
2611 2669 2782 2743 haec

816 2765 1035 2839 etiam
1080 2762 1566 2860 interpretatio
1608 2760 1902 2858 scopum
1928 2764 2269 2853 Domini,
2316 2766 2395 2840 in
2421 2695 2786 2843 efficienda

815 2861 1025 2938 nobis
1054 2858 1507 2958 jurisjurandi
1541 2859 1960 2959 Religione,
2009 2864 2282 2962 prorsus
2331 2866 2560 2940 reddit
2601 2868 2786 2940 otio-

814 2961 967 3038 fixm
1024 2976 1234 3056 atque
1282 2958 1624 3034 inutilem.
1749 2961 1984 3052 Nam,
2030 2961 2188 3059 quia
2233 2986 2391 3038 eam
2432 2967 2793 3040 Dominus

748 3109 753 3114 ·
819 3057 1415 3134 commerciorum
1443 3082 1530 3132 ac
1565 3059 2031 3134 certaminum
2077 3055 2458 3137 nostrorum
2487 3083 2792 3138 noverat

822 3157 961 3236 effe
1000 3176 1357 3248 naturam,
1406 3173 1489 3230 ut
1530 3155 1665 3230 alia
1695 3158 1969 3236 ratione
1995 3161 2286 3258 gravius
2334 3162 2618 3262 aliquod
2647 3189 2786 3236 ma·

716 3267 721 3274 '
820 3257 969 3334 lum
1016 3257 1421 3356 plerumque
1456 3253 1774 3354 effugere
1807 3281 2269 3356 nequeamus,
2322 3261 2454 3335 nifi
2495 3261 2584 3336 iis
2610 3319 2633 3353 ,
2677 3262 2790 3358 qui

752 3386 755 3395 ·
826 3381 960 3433 nos
992 3377 1083 3429 eo
1112 3355 1298 3428 malo
1330 3353 1612 3428 afficere
1639 3353 1912 3454 poss’unt
1935 3413 1957 3447 ,
1995 3357 2358 3457 quippiam
2386 3360 2545 3458 ipfis
2581 3361 2786 3449 utile,

824 3455 1033 3532 nobis
1078 3477 1254 3530 vero
1296 3453 1593 3528 noxium
1623 3509 1645 3544 ,
1687 3457 2182 3553 polliceamur,
2242 3455 2314 3531 se
2377 3481 2648 3558 quoque
2713 3461 2792 3534 in

825 3555 1200 3646 testemeo
1230 3552 1391 3626 casu
1436 3553 1755 3630 adhiberi
1785 3555 2129 3651 permifit,
2179 3550 2293 3631 uel
2326 3560 2566 3654 potius
2595 3557 2788 3630 insti-

828 3653 969 3725 tuit
1001 3707 1023 3742 ,
1082 3671 1161 3726 ut
1205 3651 1585 3726 adversarii
1645 3649 1905 3742 nostri,
1956 3655 2100 3730 hoc
2161 3673 2305 3728 tam
2350 3655 2788 3731 sacrosan&o

826 3747 1004 3824 teste
1037 3806 1060 3838 ‚
1122 3773 1208 3824 ac
1295 3749 1521 3824 veluti
1594 3749 1893 3847 pignore
1955 3751 2064 3826 'de
2133 3753 2597 3852 percipienda
2673 3781 2786 3844 ea,

826 3869 1037 3948 quam
1084 3871 1125 3920 a
1172 3847 1375 3922 nobis
1421 3845 1828 3943 exspestant
1858 3903 1881 3940 ,
1930 3849 2275 3941 utilitate,
2329 3853 2598 3944 securi,
2667 3877 2791 3927 nos

828 3967 1035 4046 quam
1070 3944 1373 4044 primum
1400 3946 1914 4044 periculiillius
1947 3970 2138 4024 metu
2167 3951 2468 4026 liberare
2501 3975 2644 4025 non
2675 3975 2796 4025 ve·

829 4053 1135 4124 reantur.
1183 4045 1284 4128 At
1303 4097 1326 4134 ,
1363 4043 1697 4144 quoniam
1731 4067 2001 4126 certum
2025 4045 2128 4127 est
2138 4104 2164 4146 ,
2210 4049 2287 4128 in
2317 4050 2646 4129 omuibus
2675 4053 2796 4125 lm·

852 4171 867 4184 ·
1496 4183 1505 4199 ⁸
2675 4170 2803 4250 Jus-
