3017 5200
795 530 939 604 ιη.
1146 506 2448 589 σΑ,εΡΛιιιεεσπετε

793 686 891 761 do
928 706 971 758 e
999 684 1244 761 nostris
1286 682 1367 759 δε
1400 684 1680 758 illorum
1721 682 2044 779 manibus
2085 704 2424 759 excutere
2447 686 2728 767 valeant.

712 868 721 879 ⁶
786 787 987 861 Nam
1016 782 1270 861 licet&
1290 782 1711 875 Calviniani,
1731 780 2178 858 &Catholici
2212 808 2375 858 cum
2393 783 2548 882 ipfis
2575 812 2728 863 con-

785 884 1049 981 junfti,
1104 888 1196 957 ob
1220 907 1300 955 ea
1325 937 1349 972 ,
1406 906 1584 978 quae
1627 882 1754 957 sibi
1799 878 2120 978 fingunt,
2163 880 2419 979 justam
2455 883 2528 957 se
2563 888 2726 963 arbi-

783 1003 1063 1057 trantur
1104 982 1367 1055 habere
1405 982 1677 1055 causam
1707 1008 1726 1057 z
1773 1001 2088 1059 attamen
2138 1005 2364 1079 neque
2397 985 2726 1060 Calvinia-

777 1091 861 1165 ni
905 1084 1230 1160 dubitant
1270 1078 1348 1155 ὅ(
1386 1081 1831 1179 Religionem
1871 1081 2066 1157 sunm
2093 1133 2117 1168 ‚
2149 1080 2242 1154 ’δε
2287 1083 2546 1157 bellum
2593 1084 2728 1182 ejus

778 1186 1017 1287 gratia
1068 1178 1461 1276 susceptum
1496 1236 1520 1269 ‚
1581 1182 1670 1255 ab
1733 1178 1848 1253 his
1893 1177 2342 1277 Principibus
2386 1180 2727 1272 damnari3

776 1308 1008 1381 neque
1056 1277 1407 1355 Catholici
1452 1277 1475 1349 i
1531 1297 1785 1352 norant
1825 1334 1845 1369 ‚
1908 1278 2100 1353 suam
2140 1302 2323 1377 scum
2377 1279 2730 1355 haereticis

776 1379 1355 1481 conjunctionem
1387 1431 1409 1465 ‚
1587 1400 1628 1449 a
1663 1376 2031 1451 Catholico
2085 1378 2206 1451 suo
2250 1376 2574 1477 Principe
2617 1378 2728 1463 de-

778 1482 1211 1567 fectionem,
1259 1474 1346 1549 ab
1380 1474 1631 1547 iisdem
1659 1477 1877 1549 etiam
1909 1475 2319 1573 improbari.
2421 1482 2588 1552 Cum
2619 1502 2724 1566 au,-

782 1604 935 1657 tem
951 1578 1029 1653 <Sc
1046 1579 1189 1651 hoc
1219 1591 1577 1671 praeterea
1601 1574 1999 1649 calviniani
2016 1572 2095 1648 &
2114 1576 2468 1651 Catholici
2491 1576 2724 1667 sciant,

783 1681 862 1757 se
912 1676 1160 1753 frustra
1208 1674 1608 1769 sumpturos
1656 1696 1985 1768 operam,
2038 1673 2087 1745 fi
2148 1674 2430 1747 causam
2485 1674 2616 1748 hac
2656 1674 2720 1747 in

780 1796 985 1879 parte
1014 1776 1203 1849 suam
1240 1770 1350 1845 his
1382 1770 1620 1845 Princi
1674 1770 1830 1845 ibus
1866 1772 2170 1869 probare
2199 1774 2514 1864 vellent3
2553 1773 2752 1871 simul
2873 1782 2880 1793 “

664 1904 681 1919 ·
782 1877 1003 1950 etiam
1060 1872 1483 1971 profitentur
1519 1926 1540 1959 ,
1635 1894 1676 1941 e
1725 1894 1844 1943 eos
1906 1864 2052 1947 n’on
2107 1869 2494 1967 agnoscere
2547 1872 2730 1970 ‘hujus

778 1971 1297 2050 controverfiae
1344 1969 1461 2041 vel
1500 1967 1675 2041 facti
1718 1968 2040 2065 judices:
2092 1967 2213 2045 sed
2259 1972 2354 2043 ob
2401 1970 2476 2043 id
2530 1970 2729 2043 solum

776 2072 1145 2148 adeundos
1194 2064 1457 2169 duxisse
1490 2122 1515 2157 ‚
1567 2085 1650 2140 ut
1709 2068 1962 2163 quibus
2017 2064 2307 2141 tandem
2357 2068 2730 2145 rationibus

778 2179 923 2249 Pax
974 2175 1153 2246 haec
1193 2190 1400 2265 quam
1456 2164 2009 2239 commodiffime
2058 2164 2320 2240 confici
2359 2169 2601 2263 pellit,
2655 2190 2733 2239 ex

782 2273 946 2371 ipsis
991 2267 1447 2365 cognoscant.
1544 2263 1618 2338 Si
1663 2264 1836 2337 tales
1875 2264 2097 2362 igitur
2121 2263 2420 2339 rationes
2453 2288 2578 2361 per
2621 2288 2735 2338 eos

786 2369 1048 2446 adduci
1098 2382 1436 2465 poterunt
1472 2420 1495 2453 ‚
1549 2382 1628 2437 ut
1689 2361 1818 2459 ipsi
1873 2388 2151 2461 quoque
2199 2386 2312 2437 eas
2402 2363 2732 2437 robandas

780 2464 1111 2545 censeant
1139 2521 1161 2555 ,
1211 2461 1585 2539 immensas
1607 2519 1630 2552 ‚
1679 2461 1881 2535 sicuti
1913 2462 2300 2553 credimus,
2349 2388 2428 2539 gt
2457 2462 2727 2535 immor·

772 2570 955 2644 tales
996 2564 1159 2664 ipsis
1181 2622 1204 2656 ‚
1240 2583 1568 2660 tanquam
1600 2560 1941 2635 divinitus
1993 2562 2079 2637 ad
2112 2560 2403 2636 salutem
2444 2561 2728 2662 ipsorum

782 2668 997 2742 miffis
1024 2662 1286 2762 angelis
1320 2716 1341 2748 ‚
1392 2659 1703 2733 habituri
1741 2658 1902 2734 sunt
1951 2659 2243 2759 gratias,
2291 2661 2418 2758 qui
2441 2660 2733 2760 legitimo

782 2767 908 2841 suo
938 2759 1249 2856 Principi
1284 2783 1401 2831 eos
1435 2756 1959 2831 reconciliarint
1981 2814 2003 2846 ,
2051 2756 2133 2830 ἀ
2159 2757 2576 2855 propulsatis
2602 2779 2728 2833 tan-

778 2865 949 2936 dem
981 2877 1183 2932 extra
1228 2857 1400 2929 fines
1453 2857 1609 2928 suos
1657 2849 2126 2930 funestiffimis
2174 2857 2381 2954 hujus
2432 2858 2588 2934 belli
2637 2857 2732 2929 fu·

782 2960 947 3049 riis,
996 2954 1427 3030 laetiffimam
1480 2951 1930 3027 afflietiffimis
2037 2954 2264 3051 opulis
2311 2979 2569 3052 pacem
2609 2951 2730 3032 Dei

769 3054 1145 3136 'beneficio
1172 3051 1625 3129 restituerint.
1721 3051 1944 3156 Quod
1968 2979 2032 3124 ἕ
2049 3053 2201 3149 plus
2230 3077 2272 3127 a
2313 3054 2390 3128 se
2435 3054 2620 3154 exigi
2641 3052 2750 3129 in·-

782 3156 1113 3254 telligent
1147 3208 1171 3244 ‚
1223 3175 1433 3252 quam
1493 3149 1620 3250 ips1
1649 3205 1672 3239 ‚
1727 3169 2137 3249 corruptum
2177 3151 2380 3250 suum
2415 3154 2734 3254 judicium

780 3257 1150 3356 sequentes
1188 3308 1211 3341 ‚
1261 3249 1781 3326 admittendum
1831 3271 2088 3350 putant
2113 3307 2138 3344 ,
2191 3251 2468 3329 acturos
2507 3253 2734 3349 nihilo-
2783 3343 2786 3346 .

780 3355 1019 3431 minus
1060 3351 1309 3427 iisdem
1348 3349 1792 3450 Principibus
1845 3370 2138 3449 propter
2195 3353 2511 3428 laborem
2564 3353 2734 3426 hunc

766 3476 934 3532 mm
975 3452 1209 3527 sancto
1236 3449 1598 3550 proposito
1625 3448 2360 3548 susceptum³gratias‚
2418 3444 2734 3526 verisimi-

784 3557 854 3629 le
888 3551 1029 3642 est·;
1080 3571 1287 3650 atque
1324 3553 1410 3624 ab
1459 3547 1619 3645 ipfis
1659 3547 2122 3659 postulaturos
2158 3605 2179 3640 ,
2229 3567 2306 3622 ut
2357 3575 2519 3636 cum
2567 3553 2732 3624 bona

782 3651 1093 3749 ipsorum
1125 3649 1351 3748 gratia
1396 3647 1471 3722 in
1502 3667 1804 3744 patriam
1829 3648 2034 3722 rebus
2079 3645 2362 3722 infectis
2389 3649 2622 3725 redire
2649 3645 2735 3718 eis

786 3752 1040 3824 liceat:
1087 3748 1566 3845 quoniam'res
1603 3768 1851 3818 eorum
1884 3765 2028 3818 non
2057 3743 2287 3823 ferant
2312 3804 2334 3838 ,
2383 3769 2465 3823 ut
2495 3768 2735 3846 propo-

786 3847 951 3922 fitas
990 3846 1077 3918 ab
1128 3845 1291 3942 ipsis
1338 3841 1787 3918 conditiones
1839 3842 2072 3943 aliquo
2120 3847 2339 3921 modo
2372 3846 2737 3942 recipiant.

784 3947 960 4022 Hoc
1030 3941 1263 4040 itaque
1326 3942 1543 4015 modo
1603 3940 1928 4016 animatis
1983 3945 2388 4044 Belgarum·
2421 3942 2737 4040 Legatis,

744 4135 750 4140 .
786 4043 983 4145 quod
1012 4040 1103 4123 ad
1134 4039 1493 4144 Principes
1519 4037 1704 4141 ipsos
1731 4038 1986 4120 attinet
2008 4095 2042 4141 2
2089 4067 2183 4122 eo
2221 4063 2412 4131 certe
2451 4043 2550 4122 illi
2593 4037 2742 4132 ani-

2615 4156 2738 4218 ,1110
