3017 5200
586 559 597 565 .
686 480 799 561 ἀφ
944 472 1147 545 Cur.
1198 464 1476 541 Sc‘n'nr
1529 456 1774 541 Coun.
1824 486 1925 551 nn
1975 456 2178 545 ucri
2207 454 2439 557 nri-in
2504 459 2510 464 ⁷

684 670 955 741 ror-em,
1008 662 1411 741 metumque
1461 639 1866 714 incuterent
1893 696 1916 730 ‚
1965 641 2264 741 fortassis
2315 643 2536 719 nimia
2581 644 2660 717 li,
2703 728 2710 731 ,

687 749 1004 832 bei-tate,
1067 766 1205 839 qua
1260 742 1348 814 ad
1396 738 1918 831 reducendum·
1952 741 2298 839 Principis
2351 744 2664 829 animum

684 837 1380 939 Reipublicaeffiono
1416 837 1572 910 usus
1598 838 1641 911 s
1632 840 1748 911 um
1769 894 1790 927 ,
1843 860 2126 913 eatenus
2157 843 2346 919 suam
2379 841 2658 939 Sereni{

682 960 910 1031 tatem
948 937 1244 1035 perduxi
1277 994 1298 1029 ,
1350 953 1431 1011 ut
1465 954 1626 1009 toto
1655 935 1892 1011 animo
1929 938 2019 1011 ad
2057 962 2305 1035 pacem
2341 940 2610 1013 inflexo
2634 996 2660 1029 ,

684 1039 981 1127 &velut
1025 1060 1067 1108 a
1106 1060 1221 1109 me
1233 1035 1671 1135 argumentis
1702 1056 2108 1135 expugnato
2129 1092 2150 1128 ‚
2169 1038 2656 1139 perennetaref

684 1156 849 1227 tur,
894 1134 1063 1233 quid
1110 1134 1205 1208 se·
1236 1134 1475 1215 facere
1535 1132 1786 1209 vellem
1835 1192 1856 1224 ‚
1915 1158 2056 1235 quo
2123 1138 2486 1234 perspicue
2531 1138 2652 1210 de-

680 1232 1071 1311 monstrare
1128 1232 1333 1330 poffit
1368 1290 1389 1322 ,
1462 1233 1718 1306 bellum
1769 1250 2200 1331 nequaquam
2257 1234 2382 1313 fibi
2455 1234 2658 1309 cordi
2739 1237 2746 1245 '

683 1334 829 1409 effe
856 1390 881 1425 ‚
930 1332 1040 1407 uti
1085 1354 1223 1429 ego
1267 1330 1581 1405 adduffis
1630 1332 2346 1429 conjecturis'animo
2401 1356 2657 1407 conce-

684 1428 859 1531 piffe
903 1430 1199 1505 videbar
1230 1484 1251 1519 ,
1306 1426 1385 1501 ἆ
1445 1426 1612 1524 quid
1671 1429 1760 1501 ad
1824 1454 2077 1526 pacem
2145 1427 2664 1507 conficiendam

552 1580 560 1587 -
602 1576 609 1586 =
682 1532 927 1607 darem
970 1526 1260 1603 consilii
1364 1526 1610 1622 Itaque
1655 1526 1743 1599 ad
1783 1526 1960 1603 haec
1997 1531 2222 1605 rursus
2265 1555 2401 1629 ego
2432 1530 2510 1628 ὃς
2543 1547 2662 1603 eo4

684 1646 891 1717 rum,
928 1648 1107 1723 quae
1162 1623 1488 1715 dixiss‘em
1523 1680 1543 1712 ,
1597 1620 1674 1697 &
1711 1649 1884 1723 quae
1925 1626 2025 1699 ad
2069 1624 2507 1728 interrogata
2550 1642 2656 1701 re‘-

690 1724 1059 1824 sponsurus
1094 1721 1304 1795 effem
1326 1722 1653 1813 ,veniam
1695 1724 2042 1798 libertatis
2073 1726 2517 1823 depromam,
2553 1727 2659 1799 in·-

683 1826 965 1901 vitante
1020 1821 1253 1895 denuo
1314 1820 1403 1895 ad
1451 1822 1856 1897 audendum
1896 1879 1918 1913 ‚
1987 1822 2508 1924 instiganteque
2551 1825 2668 1899 sua

686 1922 1081 1999 serenitate
1104 1975 1126 2009 ‚
1154 1938 1403 2018 aperte
1449 1922 2053 2017 pronunciabam3
2109 1948 2261 1997 rem
2299 1926 2399 1999 ita
2424 1925 2666 2023 exige-

684 2046 813 2109 rev,
865 2039 945 2093 ut
992 2020 1201 2119 plane
1234 2017 1361 2092 fibi
1408 2019 1820 2116 persuadere
1883 2022 2142 2095 debeat
2187 2026 2280 2097 ob
2312 2048 2500 2097 nove
2537 2022 2662 2095 ad-

684 2119 981 2199 modum
1020 2116 1437 2203 .institutum
1494 2144 1535 2191 e
1585 2117 1957 2213 provincia
2025 2118 2366 2194 recessum
2421 2121 2617 2193 suum
2645 2174 2669 2212 ‚

685 2218 945 2294 nullam
982 2214 1115 2313 ipsi
1164 2215 1349 2312 apud
1390 2215 1746 2307 Ordines,
1798 2217 2270 2315 populumque
2325 2218 2678 2313 reliquam

688 2315 831 2391 effe
881 2313 1121 2390 fidem.
1226 2314 1701 2415 Quamobrem
1769 2314 1816 2389 fi
1870 2339 2036 2388 cum
2113 2316 2270 2414 ipfis
2333 2338 2540 2413 agere
2587 2316 2694 2391 δι’

690 2414 991 2491 uastare
1026 2410 1509 2502 constituerit3
1563 2436 1704 2485 non
1740 2412 1876 2486 ess'e
1909 2412 2246 2511 deinceps
2277 2412 2668 2513 promiffim

688 2514 905 2591 nibus
938 2511 1291 2612 agendum
1330 2568 1351 2602 ,
1398 2511 1532 2585 sed
1586 2511 2186 2609 omninowrequiri
2222 2568 2242 2601 ,
2297 2533 2423 2601 ut3
2477 2514 2669 2610 quod

688 2615 951 2690 offerre
991 2604 1211 2698 velit,
1266 2611 1774 2707 promptiffime'
1837 2611 2172 2686 effectum
2214 2612 2460 2698 reddat
2493 2645 2531 2702 ,2
2565 2634 2670 2702 at:-

740 2735 833 2785 ue
862 2709 1041 2782 adeo
1076 2731 1208 2804 pro
1253 2731 1339 2780 eo
1376 2765 1397 2798 ,
1448 2709 1642 2804 quod
1684 2711 1772 2784 ab
1817 2710 2026 2783 armis
2065 2709 2526 2786 disceff'urum·
2553 2711 2667 2803 se,

814 2806 1053 2903 copias
1112 2803 1550 2879 dimissurum
1615 2807 1971 2903 promittit
2017 2865 2038 2895 ‚
2104 2809 2308 2882 utici
2351 2809 2500 2906 ipsa
2547 2809 2668 2901 re,
2752 2839 2761 2845 ·

686 2905 772 2984 ὅτ,
798 2904 947 2978 fine
993 2902 1333 2976 dilatione
1395 2904 1831 3002 exsequatur.
1933 2908 2297 2981 Praeterea
2345 2912 2439 2980 ob
2489 2906 2668 2984 difli,

690 3003 1013 3080 dentiam
1057 2997 1139 3076 δι
1176 3000 1600 3098 suspiciones
1651 3028 1741 3078 ex
1779 3003 1925 3077 hoc
1975 3004 2096 3078 suo
2148 3003 2520 3102 inopinato
2562 3030 2671 3080 re-

688 3102 1163 3180 cess'u‘enatas
1196 3156 1218 3188 ,
1272 3123 1419 3174 non
1462 3101 1722 3175 debere
1758 3125 2027 3175 novum
2061 3103 2190 3201 ipfi
2216 3104 2484 3198 videri,
2527 3107 2668 3179 Or-

690 3200 891 3276 dines
932 3199 1009 3276 in
1056 3199 1264 3273 armis
1308 3199 1668 3296 persistere
1706 3257 1727 3291 ‚
1779 3201 2124 3300 tantisper
2176 3203 2342 3276 dum
2377 3206 2560 3277 clare
2593 3201 2676 3278 ἃ

688 3299 1171 3400 indubitanter
1206 3297 1367 3396 ipfis
1418 3299 1722 3386 declara
1765 3297 1844 3373 δι
1878 3299 2142 3376 sincera
2185 3301 2302 3377 sua
2341 3305 2670 3377 volunta-

692 3418 771 3473 te
820 3395 1141 3488 constet3
1190 3420 1419 3494 neque
1456 3397 1600 3472 hoc
1649 3397 1904 3472 debere
1954 3398 2268 3492 offendi,
2308 3403 2497 3500 quod
2546 3401 2670 3500 ipfi

694 3495 1085 3573 afflonibus
1116 3495 1328 3594 ipfius
1362 3496 1768 3570 diffidentes
1790 3553 1810 3587 ‚
1841 3497 2130 3573 delectis
2161 3497 2238 3574 &
2274 3501 2672 3597 explorato—

690 3595 881 3670 ribus
918 3594 993 3668 in
1052 3614 1324 3668 exteras
1372 3594 1784 3695 provincias·
1823 3593 2107 3670 dimissis
2136 3653 2158 3687 ‚
2230 3599 2658 3697 ubicumque

694 3693 815 3768 vel
859 3692 1285 3768 arbitrentur
1311 3747 1334 3781 ‚
1402 3695 1521 3767 vel
1576 3690 1872 3787 suspicio
1933 3693 2018 3770 fit
2071 3709 2320 3771 contra
2356 3697 2444 3771 ‘se
2488 3699 2676 3791 „mili-

700 3811 849 3884 tem
876 3790 1277 3878 conscribi,
1330 3790 1850 3890 diligentissime
1885 3793 2127 3866 omnia
2171 3797 2678 3894 pervestigent.

696 3894 881 3974 Cum
934 3887 1129 3993 enim
1201 3888 1421 3992 multo
1480 3887 1788 3965 diverfis.
1826 3913 1918 3966 ex
1993 3891 2182 3970 Iocis·
2235 3895 2353 3971 de·
2379 3897 2686 3974 occultis
