3017 5200
835 551 970 627 182
1207 532 2514 615 CAsrAx1sScnzr1

835 706 1104 795 nostrae
1146 714 1284 790 hac
1333 712 1409 785 in
1451 693 1653 807 parte
1702 680 2202 782 moder'ationis
2259 704 2337 781 δε
2388 701 2814 779 clementiae

834 816 1141 897 fructum
1171 836 1212 885 a
1236 802 1556 885 'Domino
1588 804 2161 901 exspeftabimus.
2213 806 2459 903 Itaque
2481 861 2502 895 ,
2554 823 2636 877 ut
2673 828 2809 891 e0,

836 914 1032 993 unde
1064 908 1340 1008 digreffi
1378 906 1651 990 sumus,
1672 902 2069 980 redeamus:
2094 904 2224 978 hae
2254 922 2618 999 praeterea
2651 902 2815 974 sunt

841 1016 1002 1093 illae
1043 1012 1393 1097 rationes,
1442 1024 1619 1101 quae
1666 1006 1805 1074 hoc
1856 1002 2067 1077 etiam·
2100 1058 2122 1091 ,
2174 1000 2373 1079 sicuti
2402 1026 2601 1090 reor,
2655 998 2812 1073 effi-

843 1112 1081 1199 cient,
1127 1126 1249 1196 ut,
1291 1104 1551 1178 nullam
1578 1125 1618 1172 a
1658 1100 2034 1197 Majestate
2063 1120 2220 1190 tua,
2272 1101 2383 1176 vel
2416 1098 2815 1175 ardentiffi÷

837 1233 962 1285 mo
997 1226 1122 1281 tuo
1155 1205 1231 1280 in
1271 1199 1707 1276 catholicam
1743 1198 2191 1311 Religionem
2232 1199 2384 1272 zelo
2421 1255 2442 1289 ,
2486 1199 2601 1273 vel
2650 1200 2732 1272 N
2742 1220 2821 1267 o·-

840 1304 1052 1383 minis
1081 1302 1187 1377 tui
1224 1298 1572 1397 splendori
1612 1322 1695 1371 ac
1738 1296 2075 1394 digmtati
2100 1354 2121 1387 ,
2168 1320 2291 1395 per
2312 1298 2575 1372 Pacem
2621 1296 2821 1369 hane

848 1403 1005 1481 fieri
1051 1398 1414 1499 injuriam,
1457 1395 1709 1475 sanetis
1748 1393 1826 1474 dc
1860 1395 1993 1493 piis
2018 1396 2379 1495 judicibus
2404 1393 2821 1499 persuadea-

841 1523 999 1592 ταῖς
1047 1519 1357 1599 quaeque
1386 1494 1733 1593 proinde,
1762 1493 1950 1567 salva
1987 1512 2107 1567 tua
2160 1493 2429 1593 pietate
2470 1490 2546 1567 ἃ
2579 1491 2821 1591 digni-

843 1621 1034 1688 tate,
1065 1596 1312 1670 eadem
1358 1592 1573 1666 animi
1616 1592 2111 1689 magnitudine
2140 1592 2524 1667 clementer
2566 1588 2649 1663 δε
2690 1591 2825 1663 mi·

840 1694 1291 1783 sericorditer
1334 1690 1997 1789 probaripoterunt
2029 1748 2049 1782 ,
2102 1716 2235 1790 qua
2277 1694 2535 1764 bellum
2581 1690 2819 1763 habie-

841 1820 1016 1885 nus,
1069 1793 1272 1868 nullis
1319 1792 1434 1864 vel
1471 1790 1833 1863 laboribus
1865 1846 1885 1878 ,
1939 1792 2052 1863 vel
2086 1790 2477 1887 sumptibus
2522 1788 2819 1862 deterri-

838 1885 989 1984 ῑιιε,ο
1024 1890 1298 1993 geffisti.
1350 1890 1433 1961 In
1475 1890 1747 1963 summa
1777 1945 1798 1978 ‚
1850 1890 2386 1963 Clementiffime
2417 1892 2615 1976 Rex,
2652 1912 2817 1965 cum

839 1994 1012 2068 hinc
1052 1990 1334 2089 quidem
1375 2010 1502 2079 ea,
1537 2010 1713 2087 quae
1760 1988 1889 2059 tibi
1925 1990 2000 2063 in
2047 1990 2181 2061 hac
2206 1990 2387 2062 Pace
2422 1988 2813 2085 displicitu-

836 2116 918 2167 ra
953 2112 1096 2163 non
1129 2088 1414 2175 dubito,
1464 2088 1654 2185 apud
1688 2110 1802 2158 me
1826 2086 2348 2199 reput0,fateri
2376 2086 2538 2161 sane
2571 2110 2815 2183 cogor,

793 2249 800 2257 .
844 2187 1226 2287 &quidem
1271 2210 1431 2260 cum
1462 2186 1668 2283 gravi
1700 2186 1925 2259 animi
1980 2186 2122 2257 mei
2170 2208 2488 2259 moerore
2526 2241 2548 2275 ,
2619 2210 2812 2273 eam,

841 2312 986 2364 non
1021 2287 1094 2361 in
1123 2285 1430 2383 speciem
1469 2284 1727 2372 modo,
1778 2284 1895 2357 sed
1930 2306 2213 2372 revera,
2250 2284 2696 2375 deformem,
2744 2282 2815 2357 &

845 2407 968 2461 tua
1000 2382 1375 2483 Majestate
1423 2383 1697 2480 prorsus
1749 2380 1885 2460 effe
1939 2382 2299 2478 indignam
2338 2409 2355 2460 ε
2410 2383 2545 2457 alia
2580 2404 2813 2460 tamen

849 2509 940 2558 ex
953 2509 1078 2583 par
1091 2504 1187 2573 te,
1208 2484 1440 2557 allatas
1463 2482 1767 2556 rationes
1783 2500 1945 2555 ante
1964 2482 2205 2554 oculos
2232 2482 2523 2571 habens,
2534 2483 2563 2578 j
2572 2482 2809 2568 ustam,

845 2607 1138 2682 aequam
1164 2637 1184 2673 ,
1218 2580 1682 2680 Reipublicae
1712 2579 2077 2657 salutarem
2098 2637 2117 2670 ,
2173 2579 2251 2655 ὅ(
2274 2580 2431 2680 quia
2461 2580 2610 2659 fine
2640 2580 2813 2658 veri-

841 2683 1048 2760 fimili
1103 2680 1683 2754 atrocissimorum
1731 2678 2067 2751 malorum
2107 2680 2415 2776 periculo
2462 2678 2814 2778 repudiari

841 2803 984 2852 non
1017 2777 1287 2874 potuit,
1340 2781 1501 2850 Deo
1536 2777 1705 2874 Opt.
1738 2779 1943 2851 Max.
1984 2799 2255 2875 gratam
2285 2777 2421 2853 esse
2450 2780 2818 2852 certiffime-

843 2877 1154 2952 confido„
1261 2877 1739 2978 Quamobrem
1766 2897 1892 2971 per
1924 2899 2084 2948 eum
2116 2877 2339 2974 ipsum
2368 2879 2600 2952 Deum
2640 2881 2817 2974 Opt.

839 2979 1046 3052 Max.
1078 2974 1541 3050 Clementiam
1582 2993 1778 3045 tuam
1823 2973 2810 3074 obtestor,ut,cogitationi-

841 3077 972 3150 bus
1004 3073 1146 3147 tuis
1177 3072 1263 3148 ab
1298 3071 1411 3169 illa
1431 3129 1450 3162 ,
1475 3089 2041 3170 quantacumque
2073 3071 2207 3164 est,
2230 3074 2693 3173 indignitate,
2717 3073 2814 3146 ad

843 3173 1064 3261 haec,
1114 3171 1202 3243 de
1241 3170 1490 3267 quibus
1518 3169 1830 3268 egimus,
1869 3171 2223 3263 abductis,
2275 3194 2517 3248 natura
2552 3192 2683 3246 tua
2712 3173 2844 3276 di-=

849 3271 1208 3368 gniffimos
1254 3267 1775 3344 misericordiae
1811 3325 1833 3358 ,
1885 3271 2073 3366 quod
2117 3272 2485 3368 pollicitus
2546 3295 2662 3363 es,
2711 3269 2810 3344 af-

840 3370 1068 3446 festus
1110 3367 1498 3458 assumere,
1561 3387 1769 3464 atque
1830 3369 2192 3461 omnium,
2254 3389 2609 3472 quotquot
2662 3393 2801 3442 um-

843 3494 1055 3567 quam
1105 3467 1434 3557 fuerunt,
1484 3465 2077 3542 afflifflffimorum
2150 3470 2576 3568 populorum
2610 3526 2631 3560 ,
2674 3466 2809 3541 tibi

845 3563 1376 3642 commifforum
1403 3619 1424 3654 ‚
1442 3589 1567 3662 per
1595 3565 1779 3646 hanc
1802 3567 2077 3654 Pacem,
2095 3567 2376 3642 felicem
2395 3568 2573 3644 illius
2599 3593 2637 3642 a
2656 3567 2815 3642 Deo

845 3685 1185 3740 eventum
1229 3664 1645 3762 postulando
1684 3722 1705 3754 ,
1751 3661 2059 3738 misereri
2107 3665 2475 3766 digneris3
2525 3660 2711 3766 quod
2744 3684 2815 3738 ut

843 3764 1177 3860 aequiore
1201 3763 1434 3836 animo
1482 3762 1703 3836 facias
1734 3817 1757 3848 ‚
1808 3763 2127 3858 cogitare
2165 3789 2445 3864 quoque
2476 3767 2667 3841 inter
2689 3763 2814 3840 alia

840 3861 1146 3959 poteris,
1167 3863 1424 3936 nullam
1443 3859 1607 3947 effe,
1629 3861 1742 3955 vel
1763 3859 1987 3951 fuiss'e,
2006 3881 2271 3937 tantam
2296 3864 2593 3964 alicujus
2623 3865 2811 3938 Prin·

841 3959 1018 4057 cipis
1063 3958 1139 4032 in
1169 3961 1342 4034 orbe
1375 3959 1763 4058 potentiam
1786 4014 1807 4046 ,
1845 3959 1962 4032 cui
1992 3986 2123 4058 pro
2160 3964 2459 4038 arbitrio
2510 3964 2674 4052 su0,
2713 3981 2813 4035 ta-

833 4059 1036 4146 metfi
1059 4055 1641 4166 juste21>otestate
1664 4057 1781 4143 sua
1798 4057 2077 4168 semper
2106 4062 2209 4142 uti
2246 4063 2332 4148 fit
2373 4054 2814 4170 permifl‘unu

2680 4157 2822 4266 qui·
