<?xml version="1.0" encoding="UTF-8"?>
<!DOCTYPE html PUBLIC "-//W3C//DTD XHTML 1.0 Transitional//EN"
    "http://www.w3.org/TR/xhtml1/DTD/xhtml1-transitional.dtd">
<html xmlns="http://www.w3.org/1999/xhtml" xml:lang="en" lang="en">
 <head>
  <title>
</title>
<meta http-equiv="Content-Type" content="text/html;charset=utf-8" />
  <meta name='ocr-system' content='tesseract 3.04.00' />
  <meta name='ocr-capabilities' content='ocr_page ocr_carea ocr_par ocr_line ocrx_word'/>
</head>
<body>
  <div class='ocr_page' id='page_1' title='image "analectorvmbelg00graegoog_0253.png"; bbox 0 0 3017 5200; ppageno 0'>
   <div class='ocr_carea' id='block_1_1' title="bbox 582 488 2256 617">
    <p class='ocr_par' dir='ltr' id='par_1_1' title="bbox 582 488 2256 617">
     <span class='ocr_line' id='line_1_1' title="bbox 582 488 2256 617; baseline 0.005 -42"><span class='ocrx_word' id='word_1_1' title='bbox 582 496 697 597; x_wconf 88' lang='lat' dir='ltr'>Jo.</span> <span class='ocrx_word' id='word_1_2' title='bbox 741 488 1137 577; x_wconf 67' lang='lat' dir='ltr'>Ausi-nnc.</span> <span class='ocrx_word' id='word_1_3' title='bbox 1193 520 1289 575; x_wconf 73' lang='lat' dir='ltr'>m·</span> <span class='ocrx_word' id='word_1_4' title='bbox 1340 497 1534 575; x_wconf 69' lang='grc' dir='ltr'><strong>ΟΜ).</strong></span> <span class='ocrx_word' id='word_1_5' title='bbox 1577 502 1967 580; x_wconf 70' lang='grc' dir='ltr'><strong>Βεισισοε.’</strong></span> <span class='ocrx_word' id='word_1_6' title='bbox 2153 508 2256 617; x_wconf 58' lang='lat'>85</span> 
     </span>
    </p>
   </div>
   <div class='ocr_carea' id='block_1_2' title="bbox 282 650 2245 775">
    <p class='ocr_par' dir='ltr' id='par_1_2' title="bbox 282 650 2245 775">
     <span class='ocr_line' id='line_1_2' title="bbox 282 650 2245 775; baseline 0.004 -26"><span class='ocrx_word' id='word_1_7' title='bbox 282 672 595 774; x_wconf 64' lang='lat' dir='ltr'>promisti</span> <span class='ocrx_word' id='word_1_8' title='bbox 624 674 919 750; x_wconf 64' lang='lat' dir='ltr'>frustum</span> <span class='ocrx_word' id='word_1_9' title='bbox 944 650 1339 775; x_wconf 81' lang='lat' dir='ltr'>percipiant</span> <span class='ocrx_word' id='word_1_10' title='bbox 1357 730 1379 765; x_wconf 89' lang='lat'>‚</span> <span class='ocrx_word' id='word_1_11' title='bbox 1428 674 1501 748; x_wconf 92' lang='lat' dir='ltr'>se</span> <span class='ocrx_word' id='word_1_12' title='bbox 1528 676 1821 753; x_wconf 79' lang='lat' dir='ltr'>viciffim</span> <span class='ocrx_word' id='word_1_13' title='bbox 1851 676 2042 751; x_wconf 88' lang='lat' dir='ltr'>idem</span> <span class='ocrx_word' id='word_1_14' title='bbox 2077 700 2245 775; x_wconf 86' lang='lat' dir='ltr'>pro-</span> 
     </span>
    </p>
   </div>
   <div class='ocr_carea' id='block_1_3' title="bbox 288 775 2236 970">
    <p class='ocr_par' dir='ltr' id='par_1_3' title="bbox 288 775 2236 970">
     <span class='ocr_line' id='line_1_3' title="bbox 288 775 577 849; baseline 0.007 -2"><span class='ocrx_word' id='word_1_15' title='bbox 288 775 577 849; x_wconf 57' lang='lat' dir='ltr'>visuro&amp;</span> 
     </span>
     <span class='ocr_line' id='line_1_4' title="bbox 380 871 2236 970; baseline 0.001 -24"><span class='ocrx_word' id='word_1_16' title='bbox 380 871 495 946; x_wconf 89' lang='lat' dir='ltr'>Ad</span> <span class='ocrx_word' id='word_1_17' title='bbox 542 894 802 946; x_wconf 88' lang='lat' dir='ltr'>nonum</span> <span class='ocrx_word' id='word_1_18' title='bbox 866 892 1080 970; x_wconf 86' lang='lat' dir='ltr'>caput</span> <span class='ocrx_word' id='word_1_19' title='bbox 1147 872 1503 947; x_wconf 84' lang='lat' dir='ltr'>declarant</span> <span class='ocrx_word' id='word_1_20' title='bbox 1526 928 1548 962; x_wconf 91' lang='lat'>‚</span> <span class='ocrx_word' id='word_1_21' title='bbox 1615 871 1719 945; x_wconf 87' lang='lat' dir='ltr'>ita</span> <span class='ocrx_word' id='word_1_22' title='bbox 1779 872 1850 945; x_wconf 90' lang='lat' dir='ltr'>se</span> <span class='ocrx_word' id='word_1_23' title='bbox 1916 873 2170 949; x_wconf 85' lang='lat' dir='ltr'>sentire</span> <span class='ocrx_word' id='word_1_24' title='bbox 2207 932 2236 965; x_wconf 92' lang='lat'><strong>,</strong></span> 
     </span>
    </p>
   </div>
   <div class='ocr_carea' id='block_1_4' title="bbox 282 968 2282 1080">
    <p class='ocr_par' dir='ltr' id='par_1_4' title="bbox 282 968 2282 1080">
     <span class='ocr_line' id='line_1_5' title="bbox 282 968 2282 1080; baseline 0.002 -37"><span class='ocrx_word' id='word_1_25' title='bbox 282 988 362 1043; x_wconf 89' lang='lat' dir='ltr'>ut</span> <span class='ocrx_word' id='word_1_26' title='bbox 395 968 674 1080; x_wconf 38' lang='lat' dir='ltr'>Oppi-do</span> <span class='ocrx_word' id='word_1_27' title='bbox 706 970 787 1045; x_wconf 64' lang='grc' dir='ltr'>ὅ(</span> <span class='ocrx_word' id='word_1_28' title='bbox 818 972 1011 1045; x_wconf 87' lang='lat' dir='ltr'>Arce</span> <span class='ocrx_word' id='word_1_29' title='bbox 1050 969 1511 1062; x_wconf 81' lang='lat' dir='ltr'>Namurcensi</span> <span class='ocrx_word' id='word_1_30' title='bbox 1548 993 1752 1065; x_wconf 87' lang='lat' dir='ltr'>quam</span> <span class='ocrx_word' id='word_1_31' title='bbox 1779 970 2077 1067; x_wconf 86' lang='lat' dir='ltr'>primum</span> <span class='ocrx_word' id='word_1_32' title='bbox 2117 998 2234 1046; x_wconf 88' lang='lat' dir='ltr'>ce·</span> <span class='ocrx_word' id='word_1_33' title='bbox 2271 1064 2282 1074; x_wconf 87' lang='lat'><em>.</em></span> 
     </span>
    </p>
   </div>
   <div class='ocr_carea' id='block_1_5' title="bbox 271 1066 2236 1340">
    <p class='ocr_par' dir='ltr' id='par_1_5' title="bbox 271 1066 2236 1340">
     <span class='ocr_line' id='line_1_6' title="bbox 280 1066 2233 1169; baseline 0.002 -28"><span class='ocrx_word' id='word_1_34' title='bbox 280 1066 441 1155; x_wconf 84' lang='lat' dir='ltr'>dat,</span> <span class='ocrx_word' id='word_1_35' title='bbox 489 1086 593 1148; x_wconf 81' lang='lat' dir='ltr'>uti</span> <span class='ocrx_word' id='word_1_36' title='bbox 630 1089 880 1164; x_wconf 87' lang='lat' dir='ltr'>quarto</span> <span class='ocrx_word' id='word_1_37' title='bbox 927 1088 1120 1143; x_wconf 86' lang='lat' dir='ltr'>retro</span> <span class='ocrx_word' id='word_1_38' title='bbox 1162 1068 1398 1165; x_wconf 87' lang='lat' dir='ltr'>capite</span> <span class='ocrx_word' id='word_1_39' title='bbox 1455 1066 1826 1140; x_wconf 68' lang='lat' dir='ltr'>tractatum</span> <span class='ocrx_word' id='word_1_40' title='bbox 1867 1070 1990 1157; x_wconf 88' lang='lat' dir='ltr'>fit,</span> <span class='ocrx_word' id='word_1_41' title='bbox 2039 1072 2233 1169; x_wconf 81' lang='lat' dir='ltr'>quod</span> 
     </span>
     <span class='ocr_line' id='line_1_7' title="bbox 276 1158 2236 1264; baseline 0.002 -25"><span class='ocrx_word' id='word_1_42' title='bbox 276 1188 435 1239; x_wconf 87' lang='lat' dir='ltr'>cum</span> <span class='ocrx_word' id='word_1_43' title='bbox 484 1165 781 1258; x_wconf 85' lang='lat' dir='ltr'>fecerit,</span> <span class='ocrx_word' id='word_1_44' title='bbox 846 1184 924 1241; x_wconf 86' lang='lat' dir='ltr'>ut</span> <span class='ocrx_word' id='word_1_45' title='bbox 976 1185 1131 1241; x_wconf 89' lang='lat' dir='ltr'>tum</span> <span class='ocrx_word' id='word_1_46' title='bbox 1180 1166 1528 1263; x_wconf 83' lang='lat' dir='ltr'>utrimque</span> <span class='ocrx_word' id='word_1_47' title='bbox 1573 1168 1666 1264; x_wconf 40' lang='lat' dir='ltr'>ab,</span> <span class='ocrx_word' id='word_1_48' title='bbox 1715 1165 1988 1241; x_wconf 90' lang='lat' dir='ltr'>hostico</span> <span class='ocrx_word' id='word_1_49' title='bbox 2035 1158 2236 1243; x_wconf 69' lang='lat' dir='ltr'>omdi</span> 
     </span>
     <span class='ocr_line' id='line_1_8' title="bbox 271 1264 2075 1340; baseline 0.006 -3"><span class='ocrx_word' id='word_1_50' title='bbox 271 1282 533 1337; x_wconf 88' lang='lat' dir='ltr'>conatu</span> <span class='ocrx_word' id='word_1_51' title='bbox 566 1264 1015 1340; x_wconf 86' lang='lat' dir='ltr'>abstineatur.</span> <span class='ocrx_word' id='word_1_52' title='bbox 2055 1278 2075 1301; x_wconf 74' lang='lat'><strong>⁹</strong></span> 
     </span>
    </p>
   </div>
   <div class='ocr_carea' id='block_1_6' title="bbox 355 1322 2274 1460">
    <p class='ocr_par' dir='ltr' id='par_1_6' title="bbox 355 1322 2274 1460">
     <span class='ocr_line' id='line_1_9' title="bbox 355 1322 2274 1460; baseline -0.001 -24"><span class='ocrx_word' id='word_1_53' title='bbox 355 1361 488 1436; x_wconf 86' lang='lat' dir='ltr'>Ad</span> <span class='ocrx_word' id='word_1_54' title='bbox 538 1362 897 1437; x_wconf 89' lang='lat' dir='ltr'>decimum</span> <span class='ocrx_word' id='word_1_55' title='bbox 943 1362 1365 1460; x_wconf 84' lang='lat' dir='ltr'>postulatum</span> <span class='ocrx_word' id='word_1_56' title='bbox 1404 1362 1592 1459; x_wconf 90' lang='lat' dir='ltr'>quod</span> <span class='ocrx_word' id='word_1_57' title='bbox 1636 1362 1997 1459; x_wconf 85' lang='lat' dir='ltr'>pertinet3</span> <span class='ocrx_word' id='word_1_58' title='bbox 2040 1322 2236 1437; x_wconf 42' lang='lat' dir='ltr'>Post-⁴</span> <span class='ocrx_word' id='word_1_59' title='bbox 2268 1376 2274 1387; x_wconf 84' lang='lat'>&#39;</span> 
     </span>
    </p>
   </div>
   <div class='ocr_carea' id='block_1_7' title="bbox 247 1458 2239 1853">
    <p class='ocr_par' dir='ltr' id='par_1_7' title="bbox 247 1458 2239 1853">
     <span class='ocr_line' id='line_1_10' title="bbox 258 1458 2239 1559; baseline 0 -24"><span class='ocrx_word' id='word_1_60' title='bbox 258 1484 483 1557; x_wconf 84' lang='lat' dir='ltr'>quarn</span> <span class='ocrx_word' id='word_1_61' title='bbox 538 1458 616 1534; x_wconf 67' lang='grc' dir='ltr'>ὅ(</span> <span class='ocrx_word' id='word_1_62' title='bbox 678 1462 947 1559; x_wconf 88' lang='lat' dir='ltr'>Oppidi</span> <span class='ocrx_word' id='word_1_63' title='bbox 1019 1458 1097 1533; x_wconf 67' lang='grc' dir='ltr'>ὅτ</span> <span class='ocrx_word' id='word_1_64' title='bbox 1138 1460 1343 1535; x_wconf 77' lang='lat' dir='ltr'>Arcis</span> <span class='ocrx_word' id='word_1_65' title='bbox 1397 1461 1902 1535; x_wconf 84' lang='lat' dir='ltr'>Namurcensis</span> <span class='ocrx_word' id='word_1_66' title='bbox 1959 1460 2239 1535; x_wconf 87' lang='lat' dir='ltr'>restitu-</span> 
     </span>
     <span class='ocr_line' id='line_1_11' title="bbox 255 1547 2235 1657; baseline 0.002 -26"><span class='ocrx_word' id='word_1_67' title='bbox 255 1558 581 1649; x_wconf 83' lang='lat' dir='ltr'>tionem,</span> <span class='ocrx_word' id='word_1_68' title='bbox 626 1560 847 1634; x_wconf 87' lang='lat' dir='ltr'>veluti</span> <span class='ocrx_word' id='word_1_69' title='bbox 892 1558 1158 1633; x_wconf 64' lang='lat' dir='ltr'>dicium</span> <span class='ocrx_word' id='word_1_70' title='bbox 1212 1557 1314 1632; x_wconf 92' lang='lat' dir='ltr'>est</span> <span class='ocrx_word' id='word_1_71' title='bbox 1342 1614 1365 1648; x_wconf 85' lang='lat'>,</span> <span class='ocrx_word' id='word_1_72' title='bbox 1435 1558 1737 1650; x_wconf 87' lang='lat' dir='ltr'>fecerit,</span> <span class='ocrx_word' id='word_1_73' title='bbox 1787 1558 1922 1657; x_wconf 86' lang='lat' dir='ltr'>qui·</span> <span class='ocrx_word' id='word_1_74' title='bbox 1961 1547 2235 1657; x_wconf 81' lang='lat' dir='ltr'>cap&#39;tivi</span> 
     </span>
     <span class='ocr_line' id='line_1_12' title="bbox 248 1634 2239 1755; baseline 0 -24"><span class='ocrx_word' id='word_1_75' title='bbox 248 1656 407 1732; x_wconf 83' lang='lat' dir='ltr'>sunt</span> <span class='ocrx_word' id='word_1_76' title='bbox 458 1713 481 1747; x_wconf 93' lang='lat'>‚</span> <span class='ocrx_word' id='word_1_77' title='bbox 551 1634 1089 1746; x_wconf 73' lang='lat' dir='ltr'>indifferenter,</span> <span class='ocrx_word' id='word_1_78' title='bbox 1165 1652 1244 1729; x_wconf 71' lang='grc' dir='ltr'>ὅ(</span> <span class='ocrx_word' id='word_1_79' title='bbox 1302 1657 1445 1731; x_wconf 88' lang='lat' dir='ltr'>fine</span> <span class='ocrx_word' id='word_1_80' title='bbox 1500 1657 1922 1755; x_wconf 83' lang='lat' dir='ltr'>exceptione</span> <span class='ocrx_word' id='word_1_81' title='bbox 1990 1682 2239 1731; x_wconf 87' lang='lat' dir='ltr'>omnes</span> 
     </span>
     <span class='ocr_line' id='line_1_13' title="bbox 247 1752 2232 1853; baseline -0.001 -24"><span class='ocrx_word' id='word_1_82' title='bbox 247 1756 759 1831; x_wconf 86' lang='lat' dir='ltr'>Leodienfium</span> <span class='ocrx_word' id='word_1_83' title='bbox 790 1755 1097 1852; x_wconf 86' lang='lat' dir='ltr'>Principi</span> <span class='ocrx_word' id='word_1_84' title='bbox 1130 1752 1208 1828; x_wconf 66' lang='grc' dir='ltr'>ὅ(</span> <span class='ocrx_word' id='word_1_85' title='bbox 1251 1778 1459 1830; x_wconf 81' lang='lat' dir='ltr'>xxxn</span> <span class='ocrx_word' id='word_1_86' title='bbox 1505 1756 1817 1853; x_wconf 86' lang='lat' dir='ltr'>ejusdem</span> <span class='ocrx_word' id='word_1_87' title='bbox 1853 1754 2232 1844; x_wconf 86' lang='lat' dir='ltr'>Civitatis,</span> 
     </span>
    </p>
   </div>
   <div class='ocr_carea' id='block_1_8' title="bbox 247 1853 2348 1955">
    <p class='ocr_par' dir='ltr' id='par_1_8' title="bbox 247 1853 2348 1955">
     <span class='ocr_line' id='line_1_14' title="bbox 247 1853 2348 1955; baseline 0 -28"><span class='ocrx_word' id='word_1_88' title='bbox 247 1876 445 1949; x_wconf 84' lang='lat' dir='ltr'>quae:</span> <span class='ocrx_word' id='word_1_89' title='bbox 474 1873 773 1945; x_wconf 85' lang='lat' dir='ltr'>vocant,</span> <span class='ocrx_word' id='word_1_90' title='bbox 820 1854 1393 1928; x_wconf 85' lang='lat' dir='ltr'>mechanicorum</span> <span class='ocrx_word' id='word_1_91' title='bbox 1443 1854 1836 1927; x_wconf 86' lang='lat' dir='ltr'>officiorum</span> <span class='ocrx_word' id='word_1_92' title='bbox 1865 1853 2237 1950; x_wconf 57' lang='lat' dir='ltr'>praefectis</span> <span class='ocrx_word' id='word_1_93' title='bbox 2341 1947 2348 1955; x_wconf 26' lang='lat'><strong>¹</strong></span> 
     </span>
    </p>
   </div>
   <div class='ocr_carea' id='block_1_9' title="bbox 257 1950 2235 2049">
    <p class='ocr_par' dir='ltr' id='par_1_9' title="bbox 257 1950 2235 2049">
     <span class='ocr_line' id='line_1_15' title="bbox 257 1950 2235 2049; baseline -0.001 -22"><span class='ocrx_word' id='word_1_94' title='bbox 257 1950 664 2027; x_wconf 82' lang='lat' dir='ltr'>affervandi</span> <span class='ocrx_word' id='word_1_95' title='bbox 733 1952 1090 2027; x_wconf 85' lang='lat' dir='ltr'>tradentur</span> <span class='ocrx_word' id='word_1_96' title='bbox 1124 2007 1146 2042; x_wconf 89' lang='lat'>‚</span> <span class='ocrx_word' id='word_1_97' title='bbox 1226 1971 1305 2028; x_wconf 91' lang='lat' dir='ltr'>ut</span> <span class='ocrx_word' id='word_1_98' title='bbox 1350 1953 1632 2027; x_wconf 86' lang='lat' dir='ltr'>demum</span> <span class='ocrx_word' id='word_1_99' title='bbox 1698 1951 1974 2049; x_wconf 81' lang='lat' dir='ltr'>prorsus</span> <span class='ocrx_word' id='word_1_100' title='bbox 2031 1952 2235 2027; x_wconf 82' lang='lat' dir='ltr'>liberi</span> 
     </span>
    </p>
   </div>
   <div class='ocr_carea' id='block_1_10' title="bbox 260 2038 2354 2149">
    <p class='ocr_par' dir='ltr' id='par_1_10' title="bbox 260 2038 2354 2149">
     <span class='ocr_line' id='line_1_16' title="bbox 260 2038 2354 2149; baseline -0.001 -26"><span class='ocrx_word' id='word_1_101' title='bbox 260 2050 443 2123; x_wconf 85' lang='lat' dir='ltr'>fiant</span> <span class='ocrx_word' id='word_1_102' title='bbox 480 2106 503 2139; x_wconf 89' lang='lat'>,</span> <span class='ocrx_word' id='word_1_103' title='bbox 556 2038 722 2125; x_wconf 83' lang='lat' dir='ltr'>mox</span> <span class='ocrx_word' id='word_1_104' title='bbox 774 2052 815 2126; x_wconf 76' lang='grc' dir='ltr'>ὲ</span> <span class='ocrx_word' id='word_1_105' title='bbox 864 2050 1401 2142; x_wconf 85' lang='lat' dir='ltr'>Carolomontii,</span> <span class='ocrx_word' id='word_1_106' title='bbox 1456 2050 1942 2149; x_wconf 84' lang='lat' dir='ltr'>Marieburgi‚</span> <span class='ocrx_word' id='word_1_107' title='bbox 2012 2050 2233 2125; x_wconf 84' lang='lat' dir='ltr'>Bovi-</span> <span class='ocrx_word' id='word_1_108' title='bbox 2348 2076 2354 2090; x_wconf 93' lang='lat'><em>·</em></span> 
     </span>
    </p>
   </div>
   <div class='ocr_carea' id='block_1_11' title="bbox 252 2146 2234 4004">
    <p class='ocr_par' dir='ltr' id='par_1_11' title="bbox 252 2146 2234 4004">
     <span class='ocr_line' id='line_1_17' title="bbox 261 2146 2234 2249; baseline 0.001 -28"><span class='ocrx_word' id='word_1_109' title='bbox 261 2146 417 2236; x_wconf 85' lang='lat' dir='ltr'>nii,</span> <span class='ocrx_word' id='word_1_110' title='bbox 472 2146 1151 2238; x_wconf 83' lang='lat' dir='ltr'>Castrotheodorici,</span> <span class='ocrx_word' id='word_1_111' title='bbox 1218 2146 1298 2223; x_wconf 70' lang='grc' dir='ltr'><strong>ἃ</strong></span> <span class='ocrx_word' id='word_1_112' title='bbox 1336 2150 1766 2249; x_wconf 84' lang='lat' dir='ltr'>reliquorum</span> <span class='ocrx_word' id='word_1_113' title='bbox 1809 2148 2234 2247; x_wconf 78' lang='lat' dir='ltr'>oppidorum</span> 
     </span>
     <span class='ocr_line' id='line_1_18' title="bbox 256 2244 2233 2419; baseline -0.001 -100"><span class='ocrx_word' id='word_1_114' title='bbox 256 2244 766 2323; x_wconf 85' lang='lat' dir='ltr'>restitutione:</span> <span class='ocrx_word' id='word_1_115' title='bbox 851 2246 1218 2419; x_wconf 39' lang='lat' dir='ltr'>guantum</span> <span class='ocrx_word' id='word_1_116' title='bbox 1286 2248 1501 2321; x_wconf 82' lang='lat' dir='ltr'>etiam</span> <span class='ocrx_word' id='word_1_117' title='bbox 1554 2248 1642 2321; x_wconf 85' lang='lat' dir='ltr'>ad</span> <span class='ocrx_word' id='word_1_118' title='bbox 1689 2250 1874 2321; x_wconf 81' lang='lat' dir='ltr'>bona</span> <span class='ocrx_word' id='word_1_119' title='bbox 1934 2247 2187 2319; x_wconf 86' lang='lat' dir='ltr'>attinet</span> <span class='ocrx_word' id='word_1_120' title='bbox 2209 2302 2233 2336; x_wconf 90' lang='lat'><strong>,</strong></span> 
     </span>
     <span class='ocr_line' id='line_1_19' title="bbox 261 2343 2234 2444; baseline -0.001 -27"><span class='ocrx_word' id='word_1_121' title='bbox 261 2362 423 2417; x_wconf 87' lang='lat' dir='ltr'>tum</span> <span class='ocrx_word' id='word_1_122' title='bbox 472 2370 746 2443; x_wconf 86' lang='lat' dir='ltr'>quoque</span> <span class='ocrx_word' id='word_1_123' title='bbox 792 2368 873 2417; x_wconf 88' lang='lat' dir='ltr'>re</span> <span class='ocrx_word' id='word_1_124' title='bbox 931 2348 1241 2419; x_wconf 84' lang='lat' dir='ltr'>itu&#39;entur</span> <span class='ocrx_word' id='word_1_125' title='bbox 1268 2400 1291 2434; x_wconf 91' lang='lat'>,</span> <span class='ocrx_word' id='word_1_126' title='bbox 1333 2368 1509 2444; x_wconf 84' lang='lat' dir='ltr'>quae</span> <span class='ocrx_word' id='word_1_127' title='bbox 1564 2343 1848 2440; x_wconf 88' lang='lat' dir='ltr'>quidem</span> <span class='ocrx_word' id='word_1_128' title='bbox 1896 2343 2172 2416; x_wconf 82' lang='lat' dir='ltr'>exstant</span> <span class='ocrx_word' id='word_1_129' title='bbox 2209 2398 2234 2431; x_wconf 89' lang='lat'>,</span> 
     </span>
     <span class='ocr_line' id='line_1_20' title="bbox 254 2436 2234 2539; baseline -0.003 -22"><span class='ocrx_word' id='word_1_130' title='bbox 254 2436 491 2539; x_wconf 78' lang='lat' dir='ltr'>neque</span> <span class='ocrx_word' id='word_1_131' title='bbox 525 2444 825 2517; x_wconf 88' lang='lat' dir='ltr'>alienata</span> <span class='ocrx_word' id='word_1_132' title='bbox 864 2442 1037 2530; x_wconf 78' lang='lat' dir='ltr'>sint3</span> <span class='ocrx_word' id='word_1_133' title='bbox 1080 2440 1477 2516; x_wconf 60' lang='lat' dir='ltr'>functiones</span> <span class='ocrx_word' id='word_1_134' title='bbox 1525 2460 1762 2513; x_wconf 88' lang='lat' dir='ltr'>autem</span> <span class='ocrx_word' id='word_1_135' title='bbox 1803 2440 2234 2515; x_wconf 86' lang='lat' dir='ltr'>administra-</span> 
     </span>
     <span class='ocr_line' id='line_1_21' title="bbox 258 2530 2230 2637; baseline -0.003 -21"><span class='ocrx_word' id='word_1_136' title='bbox 258 2541 633 2636; x_wconf 86' lang='lat' dir='ltr'>tionesque</span> <span class='ocrx_word' id='word_1_137' title='bbox 661 2536 739 2614; x_wconf 82' lang='lat'>&amp;</span> <span class='ocrx_word' id='word_1_138' title='bbox 784 2538 1021 2612; x_wconf 90' lang='lat' dir='ltr'>munia</span> <span class='ocrx_word' id='word_1_139' title='bbox 1065 2538 1347 2633; x_wconf 85' lang='lat' dir='ltr'>publica</span> <span class='ocrx_word' id='word_1_140' title='bbox 1374 2530 1405 2630; x_wconf 77' lang='lat'>,&#39;</span> <span class='ocrx_word' id='word_1_141' title='bbox 1448 2556 1527 2614; x_wconf 93' lang='lat' dir='ltr'>ut</span> <span class='ocrx_word' id='word_1_142' title='bbox 1571 2537 1654 2610; x_wconf 90' lang='lat' dir='ltr'>iis</span> <span class='ocrx_word' id='word_1_143' title='bbox 1684 2594 1705 2629; x_wconf 88' lang='lat'>,</span> <span class='ocrx_word' id='word_1_144' title='bbox 1751 2538 1998 2637; x_wconf 88' lang='lat' dir='ltr'>quibus</span> <span class='ocrx_word' id='word_1_145' title='bbox 2027 2539 2230 2614; x_wconf 83' lang='lat' dir='ltr'>abro-</span> 
     </span>
     <span class='ocr_line' id='line_1_22' title="bbox 257 2635 2230 2738; baseline -0.002 -26"><span class='ocrx_word' id='word_1_146' title='bbox 257 2658 437 2738; x_wconf 78' lang='lat' dir='ltr'>gata</span> <span class='ocrx_word' id='word_1_147' title='bbox 470 2637 669 2726; x_wconf 88' lang='lat' dir='ltr'>sunt,</span> <span class='ocrx_word' id='word_1_148' title='bbox 733 2636 966 2712; x_wconf 88' lang='lat' dir='ltr'>denuo</span> <span class='ocrx_word' id='word_1_149' title='bbox 1001 2635 1491 2725; x_wconf 83' lang='lat' dir='ltr'>conferantur,</span> <span class='ocrx_word' id='word_1_150' title='bbox 1543 2659 1690 2710; x_wconf 89' lang='lat' dir='ltr'>non</span> <span class='ocrx_word' id='word_1_151' title='bbox 1725 2636 1953 2713; x_wconf 88' lang='lat' dir='ltr'>videri</span> <span class='ocrx_word' id='word_1_152' title='bbox 1999 2637 2230 2710; x_wconf 89' lang='lat' dir='ltr'>adhuc</span> 
     </span>
     <span class='ocr_line' id='line_1_23' title="bbox 256 2733 2228 2834; baseline -0.002 -22"><span class='ocrx_word' id='word_1_153' title='bbox 256 2761 355 2812; x_wconf 84' lang='lat' dir='ltr'>ex</span> <span class='ocrx_word' id='word_1_154' title='bbox 393 2759 475 2809; x_wconf 87' lang='lat' dir='ltr'>re</span> <span class='ocrx_word' id='word_1_155' title='bbox 505 2737 597 2808; x_wconf 92' lang='lat' dir='ltr'>ob</span> <span class='ocrx_word' id='word_1_156' title='bbox 625 2733 1113 2826; x_wconf 89' lang='lat' dir='ltr'>incommoda,</span> <span class='ocrx_word' id='word_1_157' title='bbox 1148 2759 1326 2834; x_wconf 85' lang='lat' dir='ltr'>quae</span> <span class='ocrx_word' id='word_1_158' title='bbox 1356 2735 1524 2809; x_wconf 90' lang='lat' dir='ltr'>inde</span> <span class='ocrx_word' id='word_1_159' title='bbox 1557 2733 2021 2834; x_wconf 65' lang='lat' dir='ltr'>exspectanda</span> <span class='ocrx_word' id='word_1_160' title='bbox 2051 2735 2183 2810; x_wconf 89' lang='lat' dir='ltr'>fint</span> <span class='ocrx_word' id='word_1_161' title='bbox 2205 2790 2228 2824; x_wconf 93' lang='lat'>‚</span> 
     </span>
     <span class='ocr_line' id='line_1_24' title="bbox 258 2830 2230 2932; baseline -0.001 -22"><span class='ocrx_word' id='word_1_162' title='bbox 258 2859 430 2910; x_wconf 88' lang='lat' dir='ltr'>curn</span> <span class='ocrx_word' id='word_1_163' title='bbox 481 2855 697 2907; x_wconf 89' lang='lat' dir='ltr'>nemo</span> <span class='ocrx_word' id='word_1_164' title='bbox 728 2857 869 2909; x_wconf 89' lang='lat' dir='ltr'>non</span> <span class='ocrx_word' id='word_1_165' title='bbox 911 2835 1231 2908; x_wconf 89' lang='lat' dir='ltr'>innatum</span> <span class='ocrx_word' id='word_1_166' title='bbox 1274 2833 1547 2908; x_wconf 86' lang='lat' dir='ltr'>illorum</span> <span class='ocrx_word' id='word_1_167' title='bbox 1574 2833 1649 2906; x_wconf 91' lang='lat' dir='ltr'>in</span> <span class='ocrx_word' id='word_1_168' title='bbox 1685 2830 2230 2932; x_wconf 87' lang='lat' dir='ltr'>Rempublicam</span> 
     </span>
     <span class='ocr_line' id='line_1_25' title="bbox 257 2931 2230 3030; baseline -0.003 -20"><span class='ocrx_word' id='word_1_169' title='bbox 257 2934 511 3010; x_wconf 89' lang='lat' dir='ltr'>odium</span> <span class='ocrx_word' id='word_1_170' title='bbox 557 2932 969 3008; x_wconf 87' lang='lat' dir='ltr'>duraturum</span> <span class='ocrx_word' id='word_1_171' title='bbox 1010 2931 1283 3030; x_wconf 88' lang='lat' dir='ltr'>semper</span> <span class='ocrx_word' id='word_1_172' title='bbox 1338 2933 1419 3007; x_wconf 84' lang='lat' dir='ltr'>fit</span> <span class='ocrx_word' id='word_1_173' title='bbox 1456 2932 1952 3030; x_wconf 86' lang='lat' dir='ltr'>suspicaturus;</span> <span class='ocrx_word' id='word_1_174' title='bbox 2001 2955 2230 3029; x_wconf 86' lang='lat' dir='ltr'>neque</span> 
     </span>
     <span class='ocr_line' id='line_1_26' title="bbox 256 3029 2228 3128; baseline -0.002 -21"><span class='ocrx_word' id='word_1_175' title='bbox 256 3032 433 3107; x_wconf 89' lang='lat' dir='ltr'>dum</span> <span class='ocrx_word' id='word_1_176' title='bbox 464 3031 655 3125; x_wconf 78' lang='lat' dir='ltr'>enim</span> <span class='ocrx_word' id='word_1_177' title='bbox 696 3055 991 3128; x_wconf 87' lang='lat' dir='ltr'>nuperas</span> <span class='ocrx_word' id='word_1_178' title='bbox 1040 3029 1596 3105; x_wconf 85' lang='lat' dir='ltr'>machinationes</span> <span class='ocrx_word' id='word_1_179' title='bbox 1627 3053 1670 3102; x_wconf 83' lang='lat' dir='ltr'>e</span> <span class='ocrx_word' id='word_1_180' title='bbox 1699 3030 2042 3104; x_wconf 84' lang='lat' dir='ltr'>memoria</span> <span class='ocrx_word' id='word_1_181' title='bbox 2072 3031 2228 3104; x_wconf 85' lang='lat' dir='ltr'>sub-</span> 
     </span>
     <span class='ocr_line' id='line_1_27' title="bbox 255 3128 2226 3228; baseline -0.002 -23"><span class='ocrx_word' id='word_1_182' title='bbox 255 3133 435 3206; x_wconf 84' lang='lat' dir='ltr'>latas</span> <span class='ocrx_word' id='word_1_183' title='bbox 470 3186 494 3219; x_wconf 90' lang='lat'><strong>,</strong></span> <span class='ocrx_word' id='word_1_184' title='bbox 556 3130 631 3202; x_wconf 90' lang='lat' dir='ltr'>in</span> <span class='ocrx_word' id='word_1_185' title='bbox 680 3130 987 3228; x_wconf 83' lang='lat' dir='ltr'>generali</span> <span class='ocrx_word' id='word_1_186' title='bbox 1040 3150 1275 3204; x_wconf 88' lang='lat' dir='ltr'>autem</span> <span class='ocrx_word' id='word_1_187' title='bbox 1311 3183 1335 3220; x_wconf 84' lang='lat'>‚</span> <span class='ocrx_word' id='word_1_188' title='bbox 1402 3153 1612 3225; x_wconf 88' lang='lat' dir='ltr'>quem</span> <span class='ocrx_word' id='word_1_189' title='bbox 1673 3128 1999 3202; x_wconf 61' lang='lat' dir='ltr'>indiciuri</span> <span class='ocrx_word' id='word_1_190' title='bbox 2049 3128 2226 3218; x_wconf 82' lang='lat' dir='ltr'>sint,</span> 
     </span>
     <span class='ocr_line' id='line_1_28' title="bbox 254 3224 2222 3324; baseline -0.004 -18"><span class='ocrx_word' id='word_1_191' title='bbox 254 3249 675 3319; x_wconf 87' lang='lat' dir='ltr'>conventu,</span> <span class='ocrx_word' id='word_1_192' title='bbox 726 3226 806 3302; x_wconf 73' lang='grc' dir='ltr'>δε</span> <span class='ocrx_word' id='word_1_193' title='bbox 855 3228 947 3301; x_wconf 90' lang='lat' dir='ltr'>de</span> <span class='ocrx_word' id='word_1_194' title='bbox 998 3226 1137 3301; x_wconf 85' lang='lat' dir='ltr'>hoc</span> <span class='ocrx_word' id='word_1_195' title='bbox 1176 3226 1254 3300; x_wconf 68' lang='grc' dir='ltr'>ἃ</span> <span class='ocrx_word' id='word_1_196' title='bbox 1296 3227 1579 3324; x_wconf 85' lang='lat' dir='ltr'>reliquis</span> <span class='ocrx_word' id='word_1_197' title='bbox 1612 3224 1935 3300; x_wconf 89' lang='lat' dir='ltr'>indecifis</span> <span class='ocrx_word' id='word_1_198' title='bbox 1964 3249 2222 3324; x_wconf 85' lang='lat' dir='ltr'>propo·</span> 
     </span>
     <span class='ocr_line' id='line_1_29' title="bbox 252 3324 1728 3416; baseline -0.004 -13"><span class='ocrx_word' id='word_1_199' title='bbox 252 3325 627 3402; x_wconf 73' lang='lat' dir='ltr'>{itionibus</span> <span class='ocrx_word' id='word_1_200' title='bbox 658 3325 815 3400; x_wconf 86' lang='lat' dir='ltr'>fore</span> <span class='ocrx_word' id='word_1_201' title='bbox 843 3381 865 3416; x_wconf 89' lang='lat'>,</span> <span class='ocrx_word' id='word_1_202' title='bbox 916 3344 994 3397; x_wconf 91' lang='lat' dir='ltr'>ut</span> <span class='ocrx_word' id='word_1_203' title='bbox 1026 3324 1423 3406; x_wconf 83' lang='lat' dir='ltr'>definiatur.</span> <span class='ocrx_word' id='word_1_204' title='bbox 1721 3350 1728 3367; x_wconf 68' lang='lat'>=</span> 
     </span>
     <span class='ocr_line' id='line_1_30' title="bbox 358 3421 2224 3520; baseline -0.003 -21"><span class='ocrx_word' id='word_1_205' title='bbox 358 3423 845 3500; x_wconf 87' lang='lat' dir='ltr'>Undecimum</span> <span class='ocrx_word' id='word_1_206' title='bbox 904 3441 1113 3520; x_wconf 89' lang='lat' dir='ltr'>caput</span> <span class='ocrx_word' id='word_1_207' title='bbox 1173 3421 1267 3495; x_wconf 64' lang='lat' dir='ltr'>‘ad</span> <span class='ocrx_word' id='word_1_208' title='bbox 1324 3423 1562 3519; x_wconf 88' lang='lat' dir='ltr'>priora</span> <span class='ocrx_word' id='word_1_209' title='bbox 1601 3421 1972 3510; x_wconf 82' lang='lat' dir='ltr'>referunt3</span> <span class='ocrx_word' id='word_1_210' title='bbox 2055 3441 2224 3495; x_wconf 88' lang='lat' dir='ltr'>con-</span> 
     </span>
     <span class='ocr_line' id='line_1_31' title="bbox 254 3519 2226 3619; baseline -0.002 -21"><span class='ocrx_word' id='word_1_211' title='bbox 254 3523 661 3601; x_wconf 86' lang='lat' dir='ltr'>ditionibus</span> <span class='ocrx_word' id='word_1_212' title='bbox 693 3519 1027 3619; x_wconf 86' lang='lat' dir='ltr'>fiquidem</span> <span class='ocrx_word' id='word_1_213' title='bbox 1058 3519 1221 3610; x_wconf 72' lang='lat' dir='ltr'>iisa</span> <span class='ocrx_word' id='word_1_214' title='bbox 1242 3541 1445 3617; x_wconf 88' lang='lat' dir='ltr'>parte</span> <span class='ocrx_word' id='word_1_215' title='bbox 1470 3521 1516 3594; x_wconf 92' lang='lat' dir='ltr'>s</span> <span class='ocrx_word' id='word_1_216' title='bbox 1506 3543 1632 3595; x_wconf 89' lang='lat' dir='ltr'>uae</span> <span class='ocrx_word' id='word_1_217' title='bbox 1666 3520 2070 3595; x_wconf 84' lang='lat' dir='ltr'>Serenitatis</span> <span class='ocrx_word' id='word_1_218' title='bbox 2091 3521 2226 3594; x_wconf 87' lang='lat' dir='ltr'>im-</span> 
     </span>
     <span class='ocr_line' id='line_1_32' title="bbox 267 3615 2218 3720; baseline -0.002 -24"><span class='ocrx_word' id='word_1_219' title='bbox 267 3619 523 3718; x_wconf 77' lang='lat' dir='ltr'>pletiS,</span> <span class='ocrx_word' id='word_1_220' title='bbox 574 3621 647 3694; x_wconf 89' lang='lat' dir='ltr'>se</span> <span class='ocrx_word' id='word_1_221' title='bbox 680 3643 951 3720; x_wconf 87' lang='lat' dir='ltr'>quoque</span> <span class='ocrx_word' id='word_1_222' title='bbox 982 3615 1328 3710; x_wconf 43' lang='lat' dir='ltr'>facturo&amp;</span> <span class='ocrx_word' id='word_1_223' title='bbox 1375 3619 1564 3718; x_wconf 87' lang='lat' dir='ltr'>quod</span> <span class='ocrx_word' id='word_1_224' title='bbox 1594 3618 1665 3693; x_wconf 87' lang='lat' dir='ltr'>se</span> <span class='ocrx_word' id='word_1_225' title='bbox 1707 3617 1979 3693; x_wconf 85' lang='lat' dir='ltr'>deceat.</span> <span class='ocrx_word' id='word_1_226' title='bbox 2211 3691 2218 3703; x_wconf 80' lang='grc'><strong>,</strong></span> 
     </span>
     <span class='ocr_line' id='line_1_33' title="bbox 364 3715 2216 3821; baseline -0.001 -29"><span class='ocrx_word' id='word_1_227' title='bbox 364 3717 797 3798; x_wconf 88' lang='lat' dir='ltr'>Duodecimi</span> <span class='ocrx_word' id='word_1_228' title='bbox 895 3715 973 3792; x_wconf 83' lang='lat'>&amp;</span> <span class='ocrx_word' id='word_1_229' title='bbox 1056 3717 1315 3821; x_wconf 81' lang='lat' dir='ltr'>decimi</span> <span class='ocrx_word' id='word_1_230' title='bbox 1386 3716 1576 3790; x_wconf 87' lang='lat' dir='ltr'>tertii</span> <span class='ocrx_word' id='word_1_231' title='bbox 1660 3715 1968 3814; x_wconf 85' lang='lat' dir='ltr'>capitum</span> <span class='ocrx_word' id='word_1_232' title='bbox 2051 3741 2216 3814; x_wconf 86' lang='lat' dir='ltr'>pro-</span> 
     </span>
     <span class='ocr_line' id='line_1_34' title="bbox 266 3813 2222 3914; baseline 0.003 -29"><span class='ocrx_word' id='word_1_233' title='bbox 266 3815 727 3914; x_wconf 81' lang='lat' dir='ltr'>positionibus</span> <span class='ocrx_word' id='word_1_234' title='bbox 783 3813 1089 3892; x_wconf 83' lang='lat' dir='ltr'>affentiri</span> <span class='ocrx_word' id='word_1_235' title='bbox 1131 3816 1201 3890; x_wconf 89' lang='lat' dir='ltr'>se</span> <span class='ocrx_word' id='word_1_236' title='bbox 1229 3873 1251 3909; x_wconf 87' lang='lat'>,</span> <span class='ocrx_word' id='word_1_237' title='bbox 1302 3814 1394 3889; x_wconf 86' lang='lat' dir='ltr'>fic</span> <span class='ocrx_word' id='word_1_238' title='bbox 1445 3835 1682 3888; x_wconf 85' lang='lat' dir='ltr'>tamen</span> <span class='ocrx_word' id='word_1_239' title='bbox 1727 3835 1808 3888; x_wconf 93' lang='lat' dir='ltr'>ut</span> <span class='ocrx_word' id='word_1_240' title='bbox 1867 3815 2056 3912; x_wconf 86' lang='lat' dir='ltr'>prius</span> <span class='ocrx_word' id='word_1_241' title='bbox 2100 3817 2222 3890; x_wconf 86' lang='lat' dir='ltr'>sua</span> 
     </span>
     <span class='ocr_line' id='line_1_35' title="bbox 264 3909 2226 4004; baseline 0 -19"><span class='ocrx_word' id='word_1_242' title='bbox 264 3914 621 3989; x_wconf 76' lang='lat' dir='ltr'>serenitas</span> <span class='ocrx_word' id='word_1_243' title='bbox 672 3909 741 3989; x_wconf 82' lang='lat' dir='ltr'>a&#39;</span> <span class='ocrx_word' id='word_1_244' title='bbox 780 3917 1135 3990; x_wconf 87' lang='lat' dir='ltr'>Germano</span> <span class='ocrx_word' id='word_1_245' title='bbox 1194 3913 1421 3988; x_wconf 89' lang='lat' dir='ltr'>milite</span> <span class='ocrx_word' id='word_1_246' title='bbox 1484 3913 1946 3988; x_wconf 87' lang='lat' dir='ltr'>Busciducum</span> <span class='ocrx_word' id='word_1_247' title='bbox 1979 3970 2000 4004; x_wconf 87' lang='lat'>‚</span> <span class='ocrx_word' id='word_1_248' title='bbox 2063 3918 2226 3988; x_wconf 87' lang='lat' dir='ltr'>Bre-</span> 
     </span>
    </p>
   </div>
   <div class='ocr_carea' id='block_1_12' title="bbox 262 4010 2232 4211">
    <p class='ocr_par' dir='ltr' id='par_1_12' title="bbox 262 4010 2232 4211">
     <span class='ocr_line' id='line_1_36' title="bbox 262 4010 2232 4194; baseline -0.003 -100"><span class='ocrx_word' id='word_1_249' title='bbox 262 4010 483 4116; x_wconf 74' lang='lat' dir='ltr'>dam,</span> <span class='ocrx_word' id='word_1_250' title='bbox 517 4015 1035 4092; x_wconf 76' lang='lat' dir='ltr'>Ruremundam</span> <span class='ocrx_word' id='word_1_251' title='bbox 1053 4071 1080 4110; x_wconf 84' lang='lat'><em>‚</em></span> <span class='ocrx_word' id='word_1_252' title='bbox 1110 4011 1614 4184; x_wconf 52' lang='lat' dir='ltr'>Davengiam,</span> <span class='ocrx_word' id='word_1_253' title='bbox 1648 4014 2232 4194; x_wconf 50' lang='lat' dir='ltr'>campodununss}</span> 
     </span>
     <span class='ocr_line' id='line_1_37' title="bbox 1474 4136 1516 4211; baseline 0 0"><span class='ocrx_word' id='word_1_254' title='bbox 1474 4136 1516 4211; x_wconf 78' lang='grc'><strong><em>3</em></strong></span> 
     </span>
    </p>
   </div>
  </div>
 </body>
</html>
