3017 5200
484 544 491 554 ,
602 469 1179 541 D1Arocus
1283 484 1415 535 nr,
1515 464 1834 573 Pic'z.
1961 464 1982 483 “
2077 483 2218 564 ¹5³

270 664 466 719 mero
514 640 589 716 δε
628 642 885 715 viribus
938 638 1317 735 superiores
1382 638 1640 711 bellum
1687 635 2032 733 suscipere
2070 693 2090 725 ,
2137 638 2247 719 &t

272 745 465 839 spem
492 740 825 813 vietoriae
851 736 1123 811 nostrae
1163 738 1235 809 in
1284 739 1445 809 Deo
1497 733 1882 809 collocare:
1935 756 2082 807 non
2129 738 2212 810 li-

275 860 393 914 cet
432 838 705 934 quidem
752 835 1214 909 indubitatam
1265 856 1352 905 eo
1418 832 1576 904 casu
1633 831 1838 903 nobis
1896 833 2220 928 polliceri

280 937 691 1023 vietoriam3
742 934 1251 1030 quiaiemper,
1284 949 1479 1003 extra
1506 930 1733 1018 illam,
1783 953 1990 1023 quam
2039 931 2220 1005 dixi-

270 1060 418 1109 mus
450 1082 471 1121 ,
522 1031 1024 1106 revelationem
1062 1085 1082 1116 ,
1134 1048 1470 1102 eventum
1517 1030 1678 1099 Deo
1722 1049 1847 1099 nos
1892 1032 2216 1105 commit-

273 1154 417 1206 tere
446 1186 467 1218 ,
516 1129 595 1203 ἃ
640 1132 824 1226 ejus,
881 1152 1083 1225 quam
1123 1126 1360 1223 postea
1390 1124 1813 1211 declarabit,
1867 1128 2220 1203 voluntati

270 1228 671 1305 submittere
720 1251 847 1299 nos
901 1244 1234 1319 oportet:
1291 1223 1403 1296 sed
1460 1230 1692 1295 tamen
1725 1222 2104 1317 prudenter
2137 1226 2217 1301 δι

265 1328 381 1425 pie
414 1324 853 1424 provinciam
876 1325 1172 1418 aliquam
1195 1379 1215 1409 ,
1236 1321 1418 1393 vires
1446 1320 1710 1393 nostras
1739 1320 2169 1415 superantem
2192 1382 2214 1415 ‚

261 1424 710 1523 aggredimur
744 1479 765 1508 ‚
839 1421 1110 1519 quoties
1169 1417 1499 1491 nimirum
1555 1416 1914 1515 infelicem
1985 1424 2226 1517 potius
2263 1468 2314 1519 0
2355 1412 2404 1511 '¹

261 1538 557 1596 conatus
618 1518 833 1594 nostri
911 1515 1284 1591 success‘um
1363 1515 1665 1612 experiri
1701 1519 1994 1612 squam
2059 1542 2218 1593 eam

256 1620 555 1693 omnino
586 1616 1098 1715 noffaggredi,
1158 1612 1478 1711 praestat.
1594 1614 1803 1687 Hanc
1861 1614 2048 1687 enim
2123 1620 2216 1690 ob

258 1718 537 1792 causam
584 1714 1019 1790 Mathathias
1078 1710 1154 1785 &
1207 1712 1388 1789 filius
1439 1711 1586 1807 ejus
1640 1710 1852 1807 Judas
1913 1714 2217 1787 Macha-

255 1820 469 1905 beus,
520 1814 840 1888 adversus
882 1811 1387 1907 potentissimos
1439 1808 1678 1905 Syriae
1731 1811 2014 1909 RegeS,
2063 1812 2212 1910 qui-

256 1916 387 1988 bus
461 1931 634 1983 tunc
712 1909 997 2004 subjecti
1045 1907 1293 2004 Judaei
1366 1906 1824 1994 serviebant,
1892 1910 1978 1983 ad
2039 1936 2213 2007 quos

256 2010 479 2083 etiam
526 2032 610 2081 ex
638 2007 917 2104 Judaeis'
940 2004 1221 2101 plurimi
1270 2004 1712 2094 defecerant,
1761 2028 1956 2081 arma
1996 2009 2220 2083 sume-

250 2132 331 2182 re
369 2129 527 2179 non
571 2106 824 2193 veriti,
877 2102 953 2177 &
984 2100 1355 2176 vietoriam
1389 2103 1532 2177 fibi·
1558 2106 1894 2201 exemplis
1932 2130 2214 2196 eorum,

248 2204 369 2303 qui
400 2204 657 2279 divina
702 2200 1016 2297 potentia
1060 2200 1319 2275 servati
1369 2201 1651 2274 fuerant
1685 2257 1705 2290 ,
1753 2204 2215 2297 pollicentes,

242 2300 725 2381 immortalem
770 2298 1064 2396 gloriam
1111 2298 1366 2371 merito
1412 2296 1772 2371 consecuti
1815 2300 2014 2391 sunt,
2065 2302 2232 2385 five.

242 2397 808 2485 succubuiisent,
861 2396 1043 2483 sive»,
1071 2395 1259 2490 quod
1290 2396 1589 2482 accidit,
1628 2393 1930 2489 vietor&
1951 2399 2208 2471 evade-

242 2520 447 2575 rent:
542 2495 703 2592 quia
765 2493 1133 2591 gloriosam
1177 2511 1481 2565 mortem
1539 2494 1918 2589 pugnando
1976 2496 2216 2593 potius

249 2595 679 2674 subeundam
717 2591 971 2666 merito
1005 2590 1355 2666 ducebant
1388 2648 1411 2682 ‚
1460 2615 1670 2689 quam
1702 2591 1814 2666 illa
1843 2615 1967 2691 per
2014 2596 2214 2694 igna-

249 2699 438 2773 viam
475 2695 785 2770 tolerare
819 2747 840 2781 ,
892 2712 1068 2786 quae
1118 2689 1626 2786 quiescentibus
1673 2689 1832 2786 ipfis
1873 2715 2214 2768 eventura

246 2797 402 2870 non‘
420 2792 868 2869 dubitabant.
968 2788 1279 2862 Omnino
1326 2789 1511 2862 enim
1548 2790 1967 2886 Templum,
2017 2791 2211 2868 Reli·
2268 2831 2276 2840 ·

245 2895 535 2992 gionem
560 2947 581 2981 ‚
611 2909 817 2987 atque
857 2885 1035 2960 adeo
1064 2887 1370 2960 Gentem
1399 2887 1589 2961 suam
1615 2888 2009 2986 universam
2041 2891 2204 2966 fun·

249 2995 438 3066 ditus
494 2989 935 3065 interituram
999 2983 1126 3057 fibi
1180 2971 1678 3080 persuadebant
1715 3044 1736 3077 ‚
1799 3013 1883 3062 ac
1943 2991 2210 3064 nullum

248 3089 544 3186 amplius
606 3086 1027 3182 peculiarem
1073 3081 1146 3154 in
1196 3083 1395 3156 terris
1444 3083 1752 3158 futurum
1793 3088 1936 3161 Dei
1987 3113 2211 3184 popu-

249 3189 400 3260 lum
429 3244 451 3277 ‚
512 3186 905 3280 nullamque
962 3205 1202 3256 veram
1263 3181 1714 3278 Religionem
1744 3239 1767 3274 ,
1838 3185 1958 3258 sed
2018 3185 2209 3283 spur·

250 3287 679 3368 ciffimorum
712 3285 1024 3356 Deorum
1064 3281 1328 3363 cultum
1372 3280 1612 3354 omnia
1657 3302 2208 3380 occupaturum,

244 3384 373 3458 nifi
409 3383 539 3480 ipfi
584 3405 710 3478 pro
765 3379 1136 3469 libertate,
1185 3379 1335 3454 vita
1369 3433 1391 3469 ,
1441 3379 1663 3475 patria
1695 3436 1716 3469 ,
1765 3381 2068 3477 temple,
2118 3407 2206 3460 ae

244 3481 630 3580 Religione
674 3502 863 3552 arma
908 3477 1274 3566 sumerent.
1377 3479 1553 3552 No'n
1599 3497 1760 3550 erat
1780 3477 1854 3552 id
1882 3479 2209 3576 quidem,

248 3583 433 3674 quod
482 3578 612 3676 ipsi
662 3577 1072 3650 metuebant
1107 3634 1129 3667 ,
1176 3575 1549 3650 necess'ario
1606 3576 1923 3655 futurum
1961 3604 1985 3668 3
2051 3599 2204 3660 tum

248 3677 406 3772 quia
452 3697 619 3752 tunc
673 3698 945 3773 quoque
1002 3699 1144 3748 non
1187 3676 1409 3748 minus
1452 3693 1704 3772 potens
1751 3694 1897 3774 erat
1945 3679 2204 3754 Domi·

163 3809 171 3816 ’
242 3798 412 3862 nuS,
465 3771 909 3850 Antiochi&
946 3773 1229 3847 aliorum
1276 3772 1579 3847 hostium
1624 3773 1862 3870 copias
1893 3799 2022 3872 per
2049 3782 2204 3854 An-

242 3872 487 3968 gelum
528 3873 750 3946 delere
787 3931 809 3965 ,
864 3871 1067 3944 sicuti
1107 3871 1345 3969 paucis
1388 3892 1550 3946 ante
1599 3871 1844 3948 seculis
1885 3873 2196 3975 Affyrio-

238 3994 402 4050 rum
447 3971 831 4050 exercitum
860 3969 1331 4144 prostraverl}t
1364 3996 1387 4060 3
1440 3991 1592 4049 tum
1621 3970 1820 4072 quia,
1853 3997 1980 4072 per
2016 3999 2196 4149 Regil-

458 4085 473 4104 .
1352 4091 1401 4162 5
2166 4111 2197 4135 ,Α
