3017 5200
972 367 999 431 ΙΙ

552 521 671 620 Jo.
720 521 1123 598 Ausrmc.
1177 540 1275 596 m*
1322 519 1518 598 ORn.
1571 524 1962 602 Batcrcon
2161 549 2247 602 21

234 723 451 800 ‚quae
494 701 603 776 Re
651 696 715 771 ia
752 697 853 775 est
868 699 1283 774 Brabantiae
1322 697 1590 774 Civitas
1615 753 1636 790 ,
1676 697 1748 774 in
1775 698 2000 800 Belgii
2031 699 2230 772 Prae-

264 801 537 874 festum
562 726 1119 890 agmifl'useffet,
1141 797 1219 876 ὅ(
1256 818 1497 899 quarta
1527 795 2228 896 postdie,receptoin

262 898 479 972 fidem
499 897 803 996 popule,
832 896 1139 971 solemne
1172 898 1261 970 de
1301 920 1499 972 more
1528 898 1994 994 juramentum
2024 919 2224 994 prae-

261 995 535 1070 stitifl'et
574 1051 596 1086 ,
676 1018 893 1069 omne
970 997 1351 1094 extemplo·
1394 993 1703 1090 studium
1763 994 2087 1095 actusque
2138 1017 2227 1077 eo

256 1091 685 1170 convertiss'e
711 1150 733 1184 ‚
784 1113 864 1166 ut
913 1093 1265 1169 Ordinum
1293 1091 1671 1191 populique
1706 1094 2013 1186 animos,
2051 1117 2244 1196 quos⁸

260 1193 596 1268 anteac'tis
662 1191 1147 1266 incommodis
1232 1193 1688 1266 exacerbatos
1753 1192 2232 1290 Hispanorum

254 1293 647 1390 Imperium
685 1289 903 1364 odisse
942 1347 963 1382 ,
1013 1289 1091 1364 &
1128 1291 1503 1366 abhorrere
1539 1311 1980 1388 cognoverat
2015 1349 2036 1382 ‚
2090 1292 2229 1364 cle·

248 1390 524 1464 mentia
562 1446 585 1480 ,
637 1388 1167 1464 mansuetudine
1200 1380 1753 1462 &humanitate
1808 1389 1933 1462 fibi
1984 1389 2226 1465 conci·
2287 1476 2292 1486 ¹

246 1490 477 1566 liaret.
583 1487 800 1595 Quod
857 1487 1089 1561 multis
1134 1485 1489 1584 variisque
1561 1487 1820 1560 modis·
1867 1507 2224 1562 tentatum

246 1613 418 1662 cum
452 1612 707 1684 parum
739 1585 1147 1661 succederet
1188 1641 1209 1675 ‚
1262 1609 1493 1683 neque
1545 1603 1858 1660 mutuam
1907 1589 2222 1664 benevo-

248 1685 594 1777 lentiam,
663 1685 770 1758 uti
810 1683 1261 1780 speraverat·,
1332 1707 1556 1782 neque
1605 1707 1846 1782 parem
1907 1683 2230 1761 invicem

242 1783 589 1859 affectum
629 1781 1025 1857 offenderet
1058 1839 1079 1873 ‚
1130 1782 1208 1857 δε
1236 1781 1420 1860 infra
1470 1781 1889 1880 dignitatem
1925 1785 2227 1880 praeser-

246 1885 388 1957 tim
442 1908 483 1955 a
538 1883 747 1980 plebe
790 1880 1162 1955 haberetur
1192 1937 1216 1974 ,
1280 1905 1576 1980 gravem
1615 1882 1868 1958 animo
1897 1882 2231 1980 concepit

244 1979 851 2078 indignationem.
2073 1989 2095 2004 ⁶

354 2079 591 2184 Quam
642 2076 1054 2152 mirabiliter
1100 2077 1297 2154 auxit
1359 2078 1435 2152 id
1467 2137 1489 2171 ,
1551 2079 1742 2177 quod
1803 2105 1947 2155 non
2006 2081 2234 2154 multo

244 2177 413 2277 post
447 2176 1055 2276 inaugurationem
1089 2178 1353 2252 accidit
1394 2235 1415 2268 ‚
1465 2204 1628 2252 cum
1664 2178 1934 2254 scilicet
1969 2179 2117 2276 ipso
2149 2179 2224 2255 in

256 2276 551 2368 Civica,
603 2299 813 2374 quam
862 2296 1123 2349 vocant
1165 2332 1186 2365 ‚
1238 2277 1455 2351 domo
1508 2279 1930 2352 Bruxellenfi
1983 2300 2025 2349 a
2063 2281 2230 2350 Ma-

218 2373 550 2473 .gistratu
588 2371 985 2448 honorifice
1030 2395 1332 2472 excepto
1375 2433 1396 2466 ‚
1468 2375 1904 2475 publicisque
1962 2373 2226 2471 speeta-

255 2473 431 2548 culis
462 2531 483 2562 ‚
546 2497 720 2572 quae
783 2494 911 2570 per
957 2471 1506 2569 inaugurationis
1570 2473 1736 2545 suae
1784 2473 2228 2546 occasionem

258 2571 682 2664 edebantur,
734 2571 1011 2645 intento
1032 2629 1053 2662 ,
1090 2571 1531 2667 procacitate
1563 2568 2029 2647 &insolentia
2057 2591 2228 2667 quo·

162 2728 177 2739 .
260 2672 586 2745 rumdam
621 2727 642 2762 ,
692 2669 1012 2767 corporis
1061 2668 1163 2742 sui
1211 2669 1619 2745 custodibus
1667 2670 1778 2743 vis
1814 2670 2230 2745 admovere-

258 2788 417 2860 tur,
448 2770 561 2845 -ita
588 2768 871 2867 quidem
911 2788 987 2841 ut
1029 2766 1137 2841 his
1170 2792 1299 2865 per
1329 2770 1700 2842 tumultum
1734 2768 2053 2868 dilapsis,
2105 2770 2228 2843 de-

255 2866 520 2963 sertus,
573 2867 905 2965 omnique
938 2866 1275 2940 satellitio
1308 2866 1678 2942 destitutus
1722 2867 1797 2942 in
1862 2870 2092 2942 aulam
2158 2870 2231 2943 se

254 2968 572 3065 recipere
631 2966 849 3041 fuerit
894 2964 1179 3039 coastus
1219 3022 1240 3056 ‚
1302 2962 1381 3039 ἃ
1424 2966 1757 3065 quoniam
1815 2967 1957 3041 hoc
2011 2968 2230 3041 latum

252 3065 549 3163 impune
586 3065 856 3157 fuerat,
876 3088 1106 3163 neque
1127 3063 1430 3138 Ordines
1463 3086 1584 3139 aut
1613 3064 2070 3163 Magistratus
2095 3066 2224 3138 hu·
2281 3114 2290 3123 -

228 3238 235 3247 ,
248 3165 369 3263 jus
406 3164 813 3239 insolentiae
848 3161 1309 3238 offensionem
1351 3164 1560 3236 ullam
1620 3163 2173 3237 demonstrarent
2200 3218 2226 3255 ,

250 3267 353 3338 im
414 3262 753 3337 unitatem
798 3262 984 3336 hanc
1029 3284 1159 3357 pro
1205 3260 1465 3335 affensu
1510 3261 1790 3358 accepit
1823 3317 1886 3353 ‚x
1912 3260 2098 3359 quasi
2147 3260 2228 3339 ἃ

250 3362 327 3461 ip
358 3386 381 3434 1
420 3362 800 3437 tumultum
832 3359 1292 3459 injuriamque
1318 3357 1447 3433 fibi
1482 3348 1742 3463 fasiam
1778 3382 1924 3433 non
1957 3358 2225 3458 impro-
2260 3358 2286 3376 ⁸

249 3462 526 3543 barent.
633 3460 825 3566 Quin
860 3460 1077 3533 immo
1127 3455 1452 3557 populari
1500 3456 1637 3532 hac
1675 3457 1964 3533 licentia
1995 3459 2228 3555 publi-

232 3582 515 3659 ,eaeque
551 3556 630 3633 δε
675 3556 1065 3633 ordinariae
1116 3556 1568 3633 authoritatis
1605 3575 1972 3631 contemtu
2021 3556 2230 3656 suspi-

255 3658 545 3731 cabatur
603 3656 1087 3733 Praefefflmrae
1168 3655 1327 3730 suae
1413 3652 2022 3753 inaugurationem
2087 3680 2235 3734 non

255 3751 395 3826 esse
439 3756 719 3832 fiuceris
784 3755 1137 3831 Ordinum
1179 3753 1530 3853 suffragiis
1578 3756 1837 3830 fastam
1869 3813 1890 3847 ‚
1955 3753 2033 3831 &
2080 3776 2234 3832 tan-

250 3872 412 3927 tum
459 3854 765 3930 secundo
798 3853 1250 3954 speciosoque
1304 3853 1672 3951 dignitatis
1723 3855 1937 3930 titulo
1980 3880 2236 3933 ornan-

248 3953 466 4041 dum,
500 3948 1049 4050 ,gubernationis
1086 3950 1434 4049 potestate
1476 3968 1702 4051 pen‘es
1728 3953 1910 4067 ipsos
1943 3978 2240 4033 manen-

246 4070 318 4131 te
358 4107 384 4147 ,
453 4049 584 4125 nisi
621 4040 1016 4155 scrupulosis
1068 4050 1600 4225 ῑτειὲὶαὲἰοηίὺηε
1668 4052 2000 4154 deinceps
2061 4053 2240 4225 {jie-

1366 4173 1405 4248 3
1735 4190 1760 4239 ,θ
2171 4171 2250 4238 3»
