3017 5200
809 520 960 579 220
1163 493 1851 571 cisi-111³
1950 490 2469 568 Seuer-1

810 690 1000 761 tate,
1053 685 1131 743 ut
1163 690 1284 743 eos
1318 666 1726 743 obtinentes
1767 665 1931 741 huic
1974 662 2369 761 justissimae
2412 663 2776 740 conditio-

807 770 886 849 ni
913 786 1254 879 pareant,
1303 786 1515 863 atque
1552 788 1633 857 ea
1658 820 1681 854 ‚
1728 788 1903 861 quae
1946 766 2207 861 absque
2258 762 2627 841 manifesta
2662 764 2775 837 in-

800 868 982 966 juna
1021 867 1330 941 retinere
1385 886 1531 937 non
1574 880 1909 958 poterunt
1945 918 1966 950 ‚
2042 863 2343 937 libenter
2400 860 2769 936 deserant:

783 962 1079 1063 ‘poffimt
1117 983 1354 1039 tamen
1380 960 1663 1035 interim
1690 961 1945 1057 aliquid
1982 960 2288 1034 retinere
2330 960 2771 1057 praerogati-

803 1086 943 1139 vae
963 1117 982 1151 ,
1002 1078 1110 1151 ut,
1139 1061 1301 1135 data
1331 1058 1721 1147 occaslone,
1750 1059 2051 1155 ipsorum
2090 1060 2322 1155 potius
2364 1060 2437 1132 in
2457 1056 2777 1131 honoris

801 1160 1094 1256 alicujus
1137 1158 1547 1247 collatione,
1596 1157 1876 1253 reliquis
1932 1158 2213 1253 paribus
2244 1212 2265 1245 ‚
2334 1180 2539 1268 quam
2582 1154 2776 1227 alio-

801 1282 964 1335 rum
1013 1256 1194 1331 ratio
1241 1256 1605 1331 habeatur.
1708 1256 1965 1357 Quodsi
2022 1254 2109 1329 ad
2168 1253 2533 1329 consiliarii
2568 1254 2775 1327 forte

727 1446 734 1451 ‚
805 1378 1098 1443 munus,
1133 1356 1242 1428 vel
1279 1355 1477 1451 hujus
1511 1354 1783 1449 generis
1824 1352 2005 1427 aiiud
2028 1352 2336 1442 ,restitui
2366 1352 2777 1451 quempiam

805 1473 1136 1551 oporteat
1165 1508 1188 1541 ,
1251 1453 1396 1525 fine
1441 1453 1581 1527 ulio
1632 1452 1911 1549 quidem
1966 1452 2481 1548 impedimento
2541 1449 2775 1545 recipi

807 1552 1100 1651 poterit,
1121 1549 1165 1623 fi
1195 1550 1438 1646 plenus
1453 1574 1595 1623 non
1614 1549 1825 1623 fuerit
1856 1550 2771 1636 confiliariorumnumerus,

805 1646 928 1725 sed
944 1647 1020 1723 ἃ
1039 1672 1250 1724 unum
1287 1669 1525 1721 tamen
1558 1666 1761 1744 atque
1780 1650 2095 1738 alterum,
2114 1673 2205 1723 ne
2221 1650 2579 1747 quisquam
2604 1648 2769 1719 loco

805 1746 926 1821 suo
962 1748 1295 1841 pellatur,
1339 1746 1525 1842 justo
1568 1770 1858 1822 numero
1904 1748 2161 1847 adjici,
2212 1771 2497 1835 omneS,
2552 1763 2641 1818 ut
2670 1769 2766 1817 ar·

805 1844 1032 1925 bitror
1061 1898 1082 1933 ,
1131 1867 1433 1941 aequum
1465 1844 1601 1919 effe
1640 1846 2041 1925 censebunt.
2144 1846 2395 1923 Tertia
2445 1868 2577 1940 pro
2606 1846 2765 1917 Ma-

801 1940 1053 2044 jestate.
1117 1960 1238 2015 tua
1303 1943 1543 2021 cautio
1590 1944 1693 2019 eff
1728 2002 1748 2034 ‚
1814 1964 1898 2017 -ut
1973 1946 2179 2041 plene
2260 1944 2391 2018 tibi
2444 1941 2770 2017 reddatur

807 2040 1042 2117 omnis
1107 2058 1230 2115 tua
1301 2041 1492 2138 prior
1572 2042 2025 2132 authoritas„
2090 2047 2297 2139 at‘que
2375 2066 2591 2115 omne
2664 2041 2766 2137 jus

807 2136 1055 2240 (quod
1109 2156 1342 2213 tamen
1405 2140 1787 2217 veteribus·
1822 2140 2071 2215 harum
2118 2140 2493 2217 Ditionum
2558 2138 2767 2238 privi-

808 2238 1016 2337 legiis
1066 2259 1210 2311 non
1261 2236 1709 2335 adversetur)
1764 2238 1837 2311 in
1894 2239 2336 2314 nominandis
2400 2239 2475 2321 in
2541 2236 2767 2333 poste·

811 2361 970 2413 rum
999 2330 1078 2407 δε
1121 2334 1440 2413 creandis
1469 2336 1882 2433 singularum
1928 2337 2455 2414 provinciarum
2498 2338 2763 2411 Guber-

811 2432 1233 2521 natoribus„
1283 2452 1490 2529 atque
1533 2433 1604 2507 in
1662 2434 2110 2509 conferendis
2150 2436 2477 2510 omnibus
2518 2432 2601 2509 δι
2630 2433 2770 2532 qui-

813 2538 1240 2628 buscumque
1284 2530 1741 2628 dignitatibus
1768 2532 1845 2608 <Sc
1878 2534 2373 2635 officiis‚quod
2394 2590 2415 2626 ‚
2440 2554 2607 2608 ante
2638 2535 2767 2608 hoc

793 2635 1074 2716 bellum
1105 2629 1183 2702 ἃ
1214 2649 1378 2702 ante
1423 2631 1819 2728 susceptum
1870 2637 1953 2708 ab
2006 2634 2162 2726 ipfis
2204 2659 2471 2708 novum
2500 2635 2768 2707 Guber-

789 2750 1179 2814 -natorem‚
1238 2751 1279 2798 a
1319 2747 1389 2800 te
1433 2730 1903 2810 obtinebatur.
2020 2735 2129 2804 Ita
2158 2757 2407 2826 porro,
2446 2729 2785 2828 quicquid

813 2831 951 2906 hac
979 2827 1054 2900 in
1069 2845 1284 2924 ·parte
1321 2825 1681 2922 legitimae
1710 2850 1873 2903 tuae
1922 2830 2323 2906 auetoritati
2360 2829 2437 2904 ἃ
2468 2830 2771 2926 dignita·

787 2928 871 3026 ⁸ti
913 2927 1320 3020 ademptum
1359 2924 1498 3016 est,
1550 2927 1821 3021 prorsus
1864 2927 2133 3008 aboleri
2176 2927 2255 3004 ὅτ,
2289 2927 2595 3024 abrogari
2636 2949 2767 2998 ne-

816 3023 998 3102 cess'e
1024 3025 1156 3102 erit
1177 3049 1200 3112 ;
1221 3041 1324 3110 ut,
1355 3023 1496 3099 five
1526 3019 1823 3102 'Ordines
1846 3024 2128 3100 interim
2148 3051 2361 3102 novo·
2378 3025 2597 3121 aliquo
2636 3025 2765 3097 de-

781 3139 1016 3203 .cr‘et0
1055 3121 1361 3220 priorem
1413 3122 1893 3198 auetoritatem
1929 3180 1950 3211 ‚
2002 3126 2114 3198 vel
2156 3124 2537 3222 potentiam
2574 3123 2772 3196 suam

817 3223 1141 3298 auxerint
1169 3277 1190 3310 ,
1244 3220 1386 3299 five
1423 3221 1801 3298 Consiliarii
1824 3277 1847 3312 ,
1886 3221 2013 3296 seu
2063 3224 2343 3298 alterius
2380 3224 2771 3322 cujuscum-

817 3345 953 3420 que
993 3319 1452 3418 Magistratus
1489 3345 1735 3396 munus
1769 3346 1989 3396 novas
2032 3322 2285 3419 aliquas
2324 3322 2549 3419 leges,
2600 3344 2775 3418 quae

817 3441 979 3498 tuae
1019 3417 1420 3515 Majestatis
1492 3439 1809 3494 veterem
1868 3419 2357 3494 auetoritatem
2414 3421 2629 3519 aliqua
2674 3441 2773 3492 ex

809 3537 1008 3618 parte
1036 3517 1495 3608 imminuant,
1534 3518 1736 3592 fimili
1776 3517 2063 3594 decreto
2112 3519 2557 3616 acceperint,
2588 3517 2656 3590 id
2690 3517 2775 3590 in

817 3617 1172 3716 posterum
1222 3619 1502 3692 irritum
1548 3619 1637 3692 ad
1680 3617 1914 3712 priora
1954 3617 2109 3711 jura
2140 3637 2562 3706 revocetur,
2610 3640 2783 3688 nam

820 3717 936 3792 illa
963 3717 1182 3796 solum
1227 3715 1360 3795 tibi
1412 3713 1723 3792 detrasta
1764 3715 2218 3792 mansuetudo
2277 3735 2399 3788 tua
2435 3713 2813 3812 patienter*

817 3815 1004 3904 ferre
1059 3815 1400 3900 debebit,
1479 3837 1653 3910 quae
1694 3811 1894 3907 supra
1943 3813 2493 3893 memoravimus
2530 3870 2552 3904 ‚
2622 3837 2783 3887 cum

819 3914 910 3990 de
945 3911 1370 4011 praestandis
1407 3935 1446 3984 a
1496 3931 1569 3983 te
1598 3911 2039 3987 cautionibus
2068 3967 2091 4000 ‚
2142 3913 2283 3986 hoc
2332 3911 2435 3985 est
2470 3923 2493 4000 ‚‘
2546 3911 2639 3984 de
2674 3913 2775 3985 su-

667 4045 716 4111 a„
783 4036 1068 4114 .premo
1123 4011 1605 4094 Gubernatore
1659 4033 1865 4108 atque
1924 4010 2075 4096 aliis
2121 4029 2271 4088 tam
2320 4012 2781 4134 perv-Hostan-

2550 4133 2785 4204 amm,

2369 5137 2851 5185 ἡιΛ-Ἷ-
2864 5178 2899 5181 --
2942 5169 2948 5181 A
