3017 5200
808 502 917 579 ἐδ
1060 496 1266 573 σω».
1320 490 1601 571 serim
1642 476 1896 569 Coun.
1949 512 2048 569 nn
2101 518 2281 571 nez
2332 519 2566 576 mna

804 673 901 752 da
954 672 1101 779 ejus
1134 669 1469 745 Civitatis
1502 669 1746 760 classe,
1789 671 2105 745 mandati
2149 674 2294 747 mei
2331 672 2578 747 seriem
2601 730 2621 763 ‚
2645 692 2778 748 tum

808 776 913 849 ita
961 771 1377 845 convocatis
1439 759 1887 867 explicabam
1921 826 1943 860 ,
1994 776 2292 846 monens
2349 772 2428 847 Sc
2463 772 2776 855 ardenter

800 870 1189 947 admodum
1226 869 1604 943 exhortans
1626 924 1647 957 ,
1698 890 1778 941 ut
1807 892 1935 965 pro
1969 892 2053 943 ea
2076 926 2097 960 ‚
2137 896 2271 969 qua
2305 869 2384 945 δε
2422 870 2782 968 Religioni

800 970 887 1045 ὅτ,
930 968 1205 1066 Regiae
1231 966 1578 1065 majestati
1615 966 1948 1063 objunffi·
1971 968 2189 1066 essent
2227 1028 2248 1061 ,
2300 971 2437 1044 fide
2476 1028 2496 1061 ,
2547 971 2786 1065 suique

800 1067 1176 1145 commodi
1214 1124 1236 1156 ,
1302 1064 1381 1139 &
1428 1064 1667 1139 salutis
1729 1086 2076 1143 memores
2111 1123 2131 1157 ‚
2161 1146 2168 1152 ,
2203 1068 2557 1145 voluntati
2628 1068 2786 1141 suae

804 1165 1227 1243 Serenitatis
1280 1182 1429 1238 tam
1480 1163 1866 1263 aequabili,
1921 1182 2206 1265 tamque
2253 1166 2446 1264 justis
2492 1166 2784 1241 rationi-

806 1270 942 1344 bus
987 1264 1369 1338 subnitenti
1407 1319 1430 1353 ,
1483 1263 1911 1337 subscribere
1961 1266 2224 1340 vellent
2260 1293 2283 1357 3
2333 1266 2682 1340 affirmans
2713 1262 2789 1338 &

805 1362 1244 1441 contestatus
1272 1362 1531 1434 nullam
1573 1386 1690 1435 me
1726 1362 1802 1435 in
1829 1364 2207 1438 Austriaco
2260 1362 2786 1463 deprehendiss’e

802 1483 1055 1542 notam
1092 1519 1113 1552 ‚
1165 1483 1342 1557 quae
1392 1458 1648 1533 debeat
1691 1460 1768 1534 in
1830 1462 2104 1549 animos
2165 1464 2473 1560 ipsorum
2519 1460 2790 1536 dubita·-

802 1564 1091 1638 ‘tionem
1139 1560 1230 1632 de
1277 1556 1469 1631 illius
1525 1558 1926 1635 sinceritate
1979 1563 2396 1659 producere.
2503 1561 2789 1669 Quippe

807 1660 928 1737 cui
973 1655 1149 1732 nihil
1192 1657 1383 1753 prius
1451 1657 1620 1732 esset
1651 1717 1671 1750 ,
1722 1682 1946 1757 neque
2003 1662 2316 1758 optatius
2369 1660 2786 1759 quidquam,

804 1780 1021 1859 ‘quam
1076 1774 1159 1828 ut
1209 1780 1352 1853 pax
1406 1754 1484 1831 δε
1521 1757 1750 1831 otium
1785 1757 1859 1831 in
1899 1760 2218 1834 universa
2247 1759 2622 1858 provincia
2657 1757 2785 1831 sta-

790 1856 1145 1935 biliantur
1175 1880 1198 1944 3
1252 1873 1463 1951 atque
1494 1857 1673 1930 adeo
1711 1881 1800 1933 ex
1843 1858 2124 1955 privato
2163 1859 2560 1957 colloqui0,
2603 1854 2790 1955 quod

796 1956 1080 2032 varium
1142 1952 1578 2051 liberumque
1645 1956 1820 2031 mihi
1879 1956 1995 2033 sua
2041 1959 2394 2032 Serenitas
2441 1952 2794 2029 conceffe,

794 2068 954 2141 rat,
1006 2050 1281 2126 abunde
1318 2052 1732 2127 intellexisse
1770 2077 1924 2142 me,
1951 2075 2412 2165 ‘quantopere
2463 2056 2576 2127 vel
2627 2076 2793 2127 cum

676 2214 683 2227 ,
792 2153 971 2257 ‘juris
1004 2150 1505 2247 sui‚quantum
1540 2152 1726 2225 salva
1771 2152 2120 2250 dignitate
2144 2152 2788 2247 liceat,dispendio

794 2250 981 2331 nihil
1015 2270 1162 2324 non
1195 2248 1658 2347 Reipublicae
1709 2250 2143 2349 indulgendo
2175 2308 2199 2343 ,
2252 2250 2325 2325 id
2360 2250 2582 2349 ipsum
2608 2250 2793 2322 affe-

792 2352 1056 2427 flaret.
1496 2358 1504 2366 “
1617 2412 1621 2417 .
1915 2359 1924 2371 ·
2083 2424 2090 2431 ,
2289 2368 2298 2377 ’

794 2466 810 2475 ·
910 2448 1029 2526 Ad
1057 2474 1238 2549 quae
1266 2448 1666 2523 Bruxellani
1704 2438 2172 2545 respobdere3
2205 2447 2440 2521 omnia
2465 2448 2622 2543 jam>
2649 2440 2789 2542 pri-

799 2548 979 2623 ‘dem
1014 2546 1262 2624 ordine
1294 2547 1421 2622 fibi
1456 2546 1892 2649 praescripta
1921 2544 2170 2635 fuisse,
2221 2571 2398 2646 quae
2428 2546 2516 2620 ad
2545 2544 2789 2642 postu·

798 2645 951 2722 lata
984 2641 1338 2722 Austriaci
1386 2645 1922 2814 reguirebantur
1974 2702 1994 2736 ,
2049 2647 2254 2744 atque
2302 2646 2434 2719 hac
2468 2645 2556 2718 de
2591 2644 2796 2719 causa

788 2744 977 2818 ’dare
1014 2749 1086 2818 se
1124 2747 1389 2840 amplas
1420 2767 1459 2814 a
1543 2743 1777 2840 ipsum
1807 2743 2109 2831 litteias,
2142 2744 2395 2840 quibus
2438 2744 2522 2816 iis
2547 2743 2792 2840 postu-

806 2842 973 2916 latis
1020 2840 1458 2916 satisfaciant
1493 2897 1515 2930 ,
1587 2842 1850 2936 pariter
1905 2861 2204 2936 urgeant
2240 2897 2260 2930 ,
2330 2861 2408 2914 ut
2477 2841 2794 2916 reditum

792 2937 1003 3014 'suum
1058 2959 1407 3014 maturare
1452 2939 1654 3024 velit.
1758 2939 1921 3046 Qu
1955 2939 2288 3036 respon-so
2346 2939 2432 3012 ad
2483 2940 2797 3014 Ordines

796 3039 1027 3114 ‘relato
1050 3096 1071 3131 ,
1110 3035 1219 3112 'illi
1308 3059 1540 3136 noque
1576 3035 1666 3111 ad
1699 3062 1784 3112 ea
1811 3094 1831 3127 ,
1883 3060 2058 3134 quae
2093 3037 2182 3110 ad
2225 3036 2295 3109 se
2331 3037 2646 3134 spectare
2680 3039 2794 3114 vi-

811 3135 1160 3230 debantur
1194 3195 1216 3229 ‚
1298 3159 1337 3208 e
1377 3137 1714 3210 cauturos
1771 3134 2245 3236 promiserunt
2278 3193 2298 3226 ‚
2349 3159 2443 3209 ne
2503 3136 2794 3210 famofis

782 3235 1063 3312 libeliis
1111 3230 1570 3333 Respiublica’*
1584 3237 2001 3309 turbaretur.
2105 3235 2324 3313 Porro
2371 3258 2462 3308 ne
2507 3235 2581 3308 in
2622 3260 2789 3309 eon-

806 3335 1015 3410 sess‘us
1061 3336 1215 3410 suos
1265 3332 1393 3408 nifi
1427 3331 1721 3408 idoneos
1767 3333 2198 3422 adsciscant,
2254 3336 2808 3432 catalogumque

717 3508 722 3515 ,
783 3450 1056 3519 'eorum
1100 3433 1528 3522 exhibeant,
1561 3433 1636 3507 in
1693 3433 1927 3532 pri-mo
1977 3439 2312 3506 accurate
2341 3432 2412 3505 se
2440 3433 2788 3531 prospice-

682 3537 691 3546 '
809 3557 930 3623 re,
983 3533 1279 3608 alterum
1311 3557 1509 3611 ,vero
1561 3533 1936 3606 difficulter
1995 3530 2152 3604 fieri
2199 3531 2396 3628 poss‘e
2469 3531 2792 3604 ostende-

795 3634 978 3708 ‘bant
1009 3689 1030 3722 ‚
1085 3655 1173 3706 eo
1215 3631 1406 3732 quod
1437 3631 1872 3704 delectorum
1905 3629 2200 3708 subinde
2231 3630 2307 3702 in
2348 3629 2784 3720 Provinciis,

790 3725 1141 3804 &eorum
1170 3786 1190 3820 ,
1246 3729 1363 3827 qui
1397 3728 1938 3826 Remp·ublicam
1977 3726 2538 3804 administrarent
2563 3788 2586 3822 ,
2611 3729 2788 3803 inci·

784 3824 1007 3902 ‘deret
1051 3830 1353 3902 mutatio
1388 3885 1408 3917 ,
1476 3829 1622 3926 ejus
1672 3826 2063 3925 petitio-nis·
2107 3819 2497 3902 ‘remedium
2543 3829 2789 3902 remit·

802 3943 1035 4004 tentes
1064 3927 1143 4000 in
1180 3929 1343 4002 suae
1370 3925 1778 3999 serenitatis
1807 3925 2115 4004 reditum
2159 3983 2179 4015 ,
2239 3951 2445 4026 quem
2481 3929 2791 4002 Ordines

766 4039 1077 4132 'quoque
1127 4049 1293 4103 cum
1332 4023 1760 4102 Bruxellanis
1797 4047 2244 4126 magnopere
2288 4027 2360 4106 se
2377 4025 2792 4200 desidera?

806 4159 811 4164 ·
1575 4159 1578 4166 ·
2584 4149 2716 4224 pro
2771 4165 2797 4182 ·
