<?xml version="1.0" encoding="UTF-8"?>
<!DOCTYPE html PUBLIC "-//W3C//DTD XHTML 1.0 Transitional//EN"
    "http://www.w3.org/TR/xhtml1/DTD/xhtml1-transitional.dtd">
<html xmlns="http://www.w3.org/1999/xhtml" xml:lang="en" lang="en">
 <head>
  <title>
</title>
<meta http-equiv="Content-Type" content="text/html;charset=utf-8" />
  <meta name='ocr-system' content='tesseract 3.04.00' />
  <meta name='ocr-capabilities' content='ocr_page ocr_carea ocr_par ocr_line ocrx_word'/>
</head>
<body>
  <div class='ocr_page' id='page_1' title='image "analectorvmbelg00graegoog_0090.png"; bbox 0 0 3017 5200; ppageno 0'>
   <div class='ocr_carea' id='block_1_1' title="bbox 816 394 2635 529">
    <p class='ocr_par' dir='ltr' id='par_1_1' title="bbox 816 394 2635 529">
     <span class='ocr_line' id='line_1_1' title="bbox 816 394 2635 529; baseline -0.002 -1"><span class='ocrx_word' id='word_1_1' title='bbox 816 462 1031 529; x_wconf 75' lang='lat' dir='ltr'>um</span> <span class='ocrx_word' id='word_1_2' title='bbox 1119 435 1208 522; x_wconf 73' lang='lat' dir='ltr'>P.‘</span> <span class='ocrx_word' id='word_1_3' title='bbox 1259 426 1999 520; x_wconf 77' lang='lat' dir='ltr'>BVRMANNI</span> <span class='ocrx_word' id='word_1_4' title='bbox 2049 394 2635 525; x_wconf 58' lang='lat' dir='ltr'>suevum</span> 
     </span>
    </p>
   </div>
   <div class='ocr_carea' id='block_1_2' title="bbox 709 619 2850 2958">
    <p class='ocr_par' dir='ltr' id='par_1_2' title="bbox 709 619 2850 2958">
     <span class='ocr_line' id='line_1_2' title="bbox 827 619 2823 736; baseline -0.002 -23"><span class='ocrx_word' id='word_1_5' title='bbox 827 651 1002 725; x_wconf 84' lang='lat' dir='ltr'>tur,</span> <span class='ocrx_word' id='word_1_6' title='bbox 1059 620 1286 707; x_wconf 86' lang='lat' dir='ltr'>omni</span> <span class='ocrx_word' id='word_1_7' title='bbox 1313 640 1710 707; x_wconf 83' lang='lat' dir='ltr'>armorum</span> <span class='ocrx_word' id='word_1_8' title='bbox 1765 636 1989 722; x_wconf 88' lang='lat' dir='ltr'>motu</span> <span class='ocrx_word' id='word_1_9' title='bbox 2036 620 2355 711; x_wconf 85' lang='lat' dir='ltr'>interim</span> <span class='ocrx_word' id='word_1_10' title='bbox 2414 619 2823 736; x_wconf 72' lang='lat' dir='ltr'>cess&#39;ant03.</span> 
     </span>
     <span class='ocr_line' id='line_1_3' title="bbox 825 725 2790 849; baseline 0 -28"><span class='ocrx_word' id='word_1_11' title='bbox 825 733 1034 849; x_wconf 90' lang='lat' dir='ltr'>quod</span> <span class='ocrx_word' id='word_1_12' title='bbox 1069 730 1127 818; x_wconf 88' lang='lat' dir='ltr'><strong>fi</strong></span> <span class='ocrx_word' id='word_1_13' title='bbox 1177 732 1573 835; x_wconf 85' lang='lat' dir='ltr'>facerent,</span> <span class='ocrx_word' id='word_1_14' title='bbox 1628 731 1702 816; x_wconf 89' lang='lat' dir='ltr'>se</span> <span class='ocrx_word' id='word_1_15' title='bbox 1736 759 1785 817; x_wconf 84' lang='lat' dir='ltr'>a</span> <span class='ocrx_word' id='word_1_16' title='bbox 1824 725 2263 823; x_wconf 80' lang='lat' dir='ltr'>Gandavici</span> <span class='ocrx_word' id='word_1_17' title='bbox 2310 733 2523 846; x_wconf 63' lang='lat' dir='ltr'>pacti</span> <span class='ocrx_word' id='word_1_18' title='bbox 2576 734 2790 823; x_wconf 82' lang='lat' dir='ltr'>vcsti-</span> 
     </span>
     <span class='ocr_line' id='line_1_4' title="bbox 830 839 2793 977; baseline 0.003 -46"><span class='ocrx_word' id='word_1_19' title='bbox 830 850 978 977; x_wconf 79' lang='lat' dir='ltr'>giis</span> <span class='ocrx_word' id='word_1_20' title='bbox 1042 871 1210 931; x_wconf 91' lang='lat' dir='ltr'>non</span> <span class='ocrx_word' id='word_1_21' title='bbox 1278 839 1731 929; x_wconf 82' lang='lat' dir='ltr'>recess&#39;urum</span> <span class='ocrx_word' id='word_1_22' title='bbox 1766 898 1795 945; x_wconf 86' lang='lat'>‚</span> <span class='ocrx_word' id='word_1_23' title='bbox 1852 843 2263 955; x_wconf 84' lang='lat' dir='ltr'>Vrbesque</span> <span class='ocrx_word' id='word_1_24' title='bbox 2329 844 2793 960; x_wconf 76' lang='lat' dir='ltr'>interceptas</span> 
     </span>
     <span class='ocr_line' id='line_1_5' title="bbox 833 954 2795 1064; baseline 0 -17"><span class='ocrx_word' id='word_1_25' title='bbox 833 962 988 1047; x_wconf 78' lang='lat' dir='ltr'>illis</span> <span class='ocrx_word' id='word_1_26' title='bbox 1049 954 1530 1043; x_wconf 89' lang='lat' dir='ltr'>redditurum</span> <span class='ocrx_word' id='word_1_27' title='bbox 1588 958 2017 1064; x_wconf 85' lang='lat' dir='ltr'>pollicetur.</span> <span class='ocrx_word' id='word_1_28' title='bbox 2138 957 2485 1045; x_wconf 74' lang='lat' dir='ltr'>,Sireneis</span> <span class='ocrx_word' id='word_1_29' title='bbox 2534 977 2795 1049; x_wconf 82' lang='lat' dir='ltr'>tamen</span> 
     </span>
     <span class='ocr_line' id='line_1_6' title="bbox 833 1069 2850 1183; baseline -0.001 -24"><span class='ocrx_word' id='word_1_30' title='bbox 833 1072 952 1159; x_wconf 86' lang='lat' dir='ltr'>his</span> <span class='ocrx_word' id='word_1_31' title='bbox 993 1069 1350 1156; x_wconf 82' lang='lat' dir='ltr'>cantibus</span> <span class='ocrx_word' id='word_1_32' title='bbox 1392 1069 1693 1178; x_wconf 70' lang='lat' dir='ltr'>patulas</span> <span class='ocrx_word' id='word_1_33' title='bbox 1719 1093 1943 1183; x_wconf 81' lang='lat' dir='ltr'>aures</span> <span class='ocrx_word' id='word_1_34' title='bbox 1980 1093 2153 1154; x_wconf 86' lang='lat' dir='ltr'>non</span> <span class='ocrx_word' id='word_1_35' title='bbox 2202 1094 2535 1179; x_wconf 84' lang='lat' dir='ltr'>propere</span> <span class='ocrx_word' id='word_1_36' title='bbox 2566 1070 2799 1157; x_wconf 87' lang='lat' dir='ltr'>dede·</span> <span class='ocrx_word' id='word_1_37' title='bbox 2842 1132 2850 1143; x_wconf 55' lang='lat'>=</span> 
     </span>
     <span class='ocr_line' id='line_1_7' title="bbox 839 1174 2801 1289; baseline -0.001 -18"><span class='ocrx_word' id='word_1_38' title='bbox 839 1201 1040 1271; x_wconf 78' lang='lat' dir='ltr'>runt·</span> <span class='ocrx_word' id='word_1_39' title='bbox 1065 1176 1416 1266; x_wconf 76' lang='lat' dir='ltr'>Ordines</span> <span class='ocrx_word' id='word_1_40' title='bbox 1449 1236 1476 1275; x_wconf 86' lang='lat'>,</span> <span class='ocrx_word' id='word_1_41' title='bbox 1548 1204 1745 1289; x_wconf 91' lang='lat' dir='ltr'>quos</span> <span class='ocrx_word' id='word_1_42' title='bbox 1808 1205 1955 1265; x_wconf 89' lang='lat' dir='ltr'>nec</span> <span class='ocrx_word' id='word_1_43' title='bbox 2026 1174 2163 1289; x_wconf 87' lang='lat' dir='ltr'>ipli</span> <span class='ocrx_word' id='word_1_44' title='bbox 2220 1177 2801 1269; x_wconf 85' lang='lat' dir='ltr'>Grobbendon·</span> 
     </span>
     <span class='ocr_line' id='line_1_8' title="bbox 837 1288 2802 1415; baseline -0.001 -34"><span class='ocrx_word' id='word_1_45' title='bbox 837 1297 1017 1382; x_wconf 89' lang='lat' dir='ltr'>ckio</span> <span class='ocrx_word' id='word_1_46' title='bbox 1073 1290 1168 1377; x_wconf 83' lang='lat' dir='ltr'>ad</span> <span class='ocrx_word' id='word_1_47' title='bbox 1227 1288 1538 1374; x_wconf 83' lang='lat' dir='ltr'>uieviffe</span> <span class='ocrx_word' id='word_1_48' title='bbox 1569 1346 1600 1390; x_wconf 86' lang='lat'>,</span> <span class='ocrx_word' id='word_1_49' title='bbox 1671 1290 1798 1375; x_wconf 87' lang='lat' dir='ltr'>sed</span> <span class='ocrx_word' id='word_1_50' title='bbox 1852 1293 2015 1415; x_wconf 79' lang='lat' dir='ltr'>jam</span> <span class='ocrx_word' id='word_1_51' title='bbox 2078 1296 2271 1377; x_wconf 86' lang='lat' dir='ltr'>tunc</span> <span class='ocrx_word' id='word_1_52' title='bbox 2322 1292 2569 1404; x_wconf 84' lang='lat' dir='ltr'>aliqua</span> <span class='ocrx_word' id='word_1_53' title='bbox 2616 1320 2802 1405; x_wconf 83' lang='lat' dir='ltr'>erga</span> 
     </span>
     <span class='ocr_line' id='line_1_9' title="bbox 839 1398 2806 1512; baseline 0 -21"><span class='ocrx_word' id='word_1_54' title='bbox 839 1432 1018 1491; x_wconf 86' lang='lat' dir='ltr'>eum</span> <span class='ocrx_word' id='word_1_55' title='bbox 1075 1401 1150 1487; x_wconf 91' lang='lat' dir='ltr'>di</span> <span class='ocrx_word' id='word_1_56' title='bbox 1244 1398 1506 1485; x_wconf 85' lang='lat' dir='ltr'>dentia</span> <span class='ocrx_word' id='word_1_57' title='bbox 1540 1426 1630 1485; x_wconf 84' lang='lat' dir='ltr'>ac</span> <span class='ocrx_word' id='word_1_58' title='bbox 1680 1402 2105 1512; x_wconf 78' lang='lat' dir='ltr'>suspicione</span> <span class='ocrx_word' id='word_1_59' title='bbox 2142 1400 2593 1491; x_wconf 75' lang='lat' dir='ltr'>sinisteriore</span> <span class='ocrx_word' id='word_1_60' title='bbox 2664 1404 2806 1495; x_wconf 90' lang='lat' dir='ltr'>du-</span> 
     </span>
     <span class='ocr_line' id='line_1_10' title="bbox 845 1509 2808 1631; baseline 0 -28"><span class='ocrx_word' id='word_1_61' title='bbox 845 1516 1016 1603; x_wconf 66' lang='lat' dir='ltr'>ctos</span> <span class='ocrx_word' id='word_1_62' title='bbox 1055 1510 1310 1611; x_wconf 68' lang='lat' dir='ltr'>fuisse,</span> <span class='ocrx_word' id='word_1_63' title='bbox 1369 1509 1805 1598; x_wconf 85' lang='lat' dir='ltr'>Hollandos</span> <span class='ocrx_word' id='word_1_64' title='bbox 1828 1540 2033 1623; x_wconf 84' lang='lat' dir='ltr'>prae</span> <span class='ocrx_word' id='word_1_65' title='bbox 2072 1515 2345 1631; x_wconf 71' lang='lat' dir='ltr'>ceteris</span> <span class='ocrx_word' id='word_1_66' title='bbox 2396 1542 2487 1601; x_wconf 84' lang='lat' dir='ltr'>ac</span> <span class='ocrx_word' id='word_1_67' title='bbox 2520 1513 2808 1604; x_wconf 75' lang='lat' dir='ltr'>Zelan-</span> 
     </span>
     <span class='ocr_line' id='line_1_11' title="bbox 845 1624 2807 1739; baseline 0 -25"><span class='ocrx_word' id='word_1_68' title='bbox 845 1627 1052 1727; x_wconf 84' lang='lat' dir='ltr'>dos,</span> <span class='ocrx_word' id='word_1_69' title='bbox 1109 1643 1328 1734; x_wconf 83' lang='lat' dir='ltr'>patet</span> <span class='ocrx_word' id='word_1_70' title='bbox 1369 1650 1470 1709; x_wconf 81' lang='lat' dir='ltr'>ex</span> <span class='ocrx_word' id='word_1_71' title='bbox 1509 1626 1753 1713; x_wconf 78' lang='lat' dir='ltr'>literis</span> <span class='ocrx_word' id='word_1_72' title='bbox 1796 1624 2113 1726; x_wconf 77' lang='lat' dir='ltr'>scheri,</span> <span class='ocrx_word' id='word_1_73' title='bbox 2169 1625 2445 1739; x_wconf 84' lang='lat' dir='ltr'>quibus</span> <span class='ocrx_word' id='word_1_74' title='bbox 2462 1628 2807 1721; x_wconf 83' lang='lat' dir='ltr'>Austria-</span> 
     </span>
     <span class='ocr_line' id='line_1_12' title="bbox 849 1733 2811 1851; baseline -0.007 -26"><span class='ocrx_word' id='word_1_75' title='bbox 849 1764 952 1825; x_wconf 93' lang='lat' dir='ltr'>co</span> <span class='ocrx_word' id='word_1_76' title='bbox 988 1736 1262 1824; x_wconf 82' lang='lat' dir='ltr'>omnia</span> <span class='ocrx_word' id='word_1_77' title='bbox 1295 1762 1472 1823; x_wconf 86' lang='lat' dir='ltr'>cum</span> <span class='ocrx_word' id='word_1_78' title='bbox 1514 1733 1947 1834; x_wconf 83' lang='lat' dir='ltr'>Ordinibus</span> <span class='ocrx_word' id='word_1_79' title='bbox 2004 1766 2051 1823; x_wconf 87' lang='lat' dir='ltr'><strong>a</strong></span> <span class='ocrx_word' id='word_1_80' title='bbox 2102 1739 2178 1825; x_wconf 88' lang='lat' dir='ltr'>se</span> <span class='ocrx_word' id='word_1_81' title='bbox 2214 1737 2426 1844; x_wconf 62' lang='lat' dir='ltr'>acta,</span> <span class='ocrx_word' id='word_1_82' title='bbox 2482 1744 2811 1851; x_wconf 77' lang='lat' dir='ltr'>praeser-</span> 
     </span>
     <span class='ocr_line' id='line_1_13' title="bbox 856 1846 2816 1959; baseline 0.002 -23"><span class='ocrx_word' id='word_1_83' title='bbox 856 1852 1002 1937; x_wconf 89' lang='lat' dir='ltr'>tim</span> <span class='ocrx_word' id='word_1_84' title='bbox 1040 1846 1140 1933; x_wconf 92' lang='lat' dir='ltr'>de</span> <span class='ocrx_word' id='word_1_85' title='bbox 1173 1847 1609 1959; x_wconf 77' lang='lat' dir='ltr'>Religionis</span> <span class='ocrx_word' id='word_1_86' title='bbox 1646 1848 2201 1939; x_wconf 81' lang='lat' dir='ltr'>Pacificatione</span> <span class='ocrx_word' id='word_1_87' title='bbox 2239 1852 2329 1939; x_wconf 75' lang='lat' dir='ltr'>&amp;z</span> <span class='ocrx_word' id='word_1_88' title='bbox 2368 1849 2816 1941; x_wconf 76' lang='lat' dir='ltr'>obedientia</span> 
     </span>
     <span class='ocr_line' id='line_1_14' title="bbox 853 1955 2817 2075; baseline 0.003 -28"><span class='ocrx_word' id='word_1_89' title='bbox 853 1962 1062 2072; x_wconf 88' lang='lat' dir='ltr'>Regi</span> <span class='ocrx_word' id='word_1_90' title='bbox 1116 1955 1617 2068; x_wconf 84' lang='lat' dir='ltr'>praestanda,</span> <span class='ocrx_word' id='word_1_91' title='bbox 1693 1962 2210 2073; x_wconf 86' lang='lat' dir='ltr'>perscripserat</span> <span class='ocrx_word' id='word_1_92' title='bbox 2252 2019 2282 2064; x_wconf 84' lang='lat'><strong>,</strong></span> <span class='ocrx_word' id='word_1_93' title='bbox 2353 1962 2455 2049; x_wconf 80' lang='lat' dir='ltr'>ad</span> <span class='ocrx_word' id='word_1_94' title='bbox 2507 1988 2817 2075; x_wconf 84' lang='lat' dir='ltr'>portam</span> 
     </span>
     <span class='ocr_line' id='line_1_15' title="bbox 851 2070 2822 2194; baseline 0.001 -33"><span class='ocrx_word' id='word_1_95' title='bbox 851 2070 1420 2161; x_wconf 81' lang='lat' dir='ltr'>Bruxellensem</span> <span class='ocrx_word' id='word_1_96' title='bbox 1442 2126 1474 2172; x_wconf 84' lang='lat'><strong>,</strong></span> <span class='ocrx_word' id='word_1_97' title='bbox 1542 2090 1963 2184; x_wconf 83' lang='lat' dir='ltr'>antequam</span> <span class='ocrx_word' id='word_1_98' title='bbox 2021 2076 2105 2157; x_wconf 92' lang='lat' dir='ltr'>N</span> <span class='ocrx_word' id='word_1_99' title='bbox 2110 2075 2536 2194; x_wconf 48' lang='lat' dir='ltr'>amurcam,</span> <span class='ocrx_word' id='word_1_100' title='bbox 2566 2076 2822 2163; x_wconf 85' lang='lat' dir='ltr'>defer·-</span> 
     </span>
     <span class='ocr_line' id='line_1_16' title="bbox 709 2181 2827 2294; baseline 0.001 -21"><span class='ocrx_word' id='word_1_101' title='bbox 709 2218 741 2235; x_wconf 89' lang='lat'>··</span> <span class='ocrx_word' id='word_1_102' title='bbox 852 2194 1171 2283; x_wconf 81' lang='lat' dir='ltr'>rentur,</span> <span class='ocrx_word' id='word_1_103' title='bbox 1224 2184 1729 2294; x_wconf 84' lang='lat' dir='ltr'>interceptis,</span> <span class='ocrx_word' id='word_1_104' title='bbox 1776 2181 1998 2272; x_wconf 84' lang='lat' dir='ltr'>miffo</span> <span class='ocrx_word' id='word_1_105' title='bbox 2038 2182 2138 2269; x_wconf 84' lang='lat' dir='ltr'>ad</span> <span class='ocrx_word' id='word_1_106' title='bbox 2171 2184 2827 2276; x_wconf 70' lang='lat' dir='ltr'>Arausionensem</span> 
     </span>
     <span class='ocr_line' id='line_1_17' title="bbox 853 2295 2822 2408; baseline 0.002 -24"><span class='ocrx_word' id='word_1_107' title='bbox 853 2297 1298 2406; x_wconf 87' lang='lat' dir='ltr'>Principem</span> <span class='ocrx_word' id='word_1_108' title='bbox 1337 2297 1742 2406; x_wconf 81' lang='lat' dir='ltr'>exemplo:</span> <span class='ocrx_word' id='word_1_109' title='bbox 1784 2324 1937 2408; x_wconf 83' lang='lat' dir='ltr'>qua</span> <span class='ocrx_word' id='word_1_110' title='bbox 1969 2295 2069 2382; x_wconf 94' lang='lat' dir='ltr'>de</span> <span class='ocrx_word' id='word_1_111' title='bbox 2109 2324 2239 2397; x_wconf 80' lang='lat' dir='ltr'>re,</span> <span class='ocrx_word' id='word_1_112' title='bbox 2262 2318 2352 2385; x_wconf 92' lang='lat' dir='ltr'>ut</span> <span class='ocrx_word' id='word_1_113' title='bbox 2383 2299 2471 2383; x_wconf 73' lang='grc' dir='ltr'>δε</span> <span class='ocrx_word' id='word_1_114' title='bbox 2508 2299 2822 2387; x_wconf 84' lang='lat' dir='ltr'>sarcinis</span> 
     </span>
     <span class='ocr_line' id='line_1_18' title="bbox 861 2408 2825 2519; baseline -0.001 -20"><span class='ocrx_word' id='word_1_115' title='bbox 861 2410 1059 2508; x_wconf 59' lang='lat' dir='ltr'>sun,</span> <span class='ocrx_word' id='word_1_116' title='bbox 1135 2408 1500 2493; x_wconf 88' lang='lat' dir='ltr'>codicillis</span> <span class='ocrx_word' id='word_1_117' title='bbox 1531 2434 1645 2495; x_wconf 65' lang='lat' dir='ltr'>sc</span> <span class='ocrx_word' id='word_1_118' title='bbox 1712 2408 1991 2495; x_wconf 84' lang='lat' dir='ltr'>tabulis</span> <span class='ocrx_word' id='word_1_119' title='bbox 2032 2466 2063 2510; x_wconf 86' lang='lat'>,</span> <span class='ocrx_word' id='word_1_120' title='bbox 2138 2436 2185 2492; x_wconf 78' lang='lat' dir='ltr'>a</span> <span class='ocrx_word' id='word_1_121' title='bbox 2236 2408 2533 2497; x_wconf 86' lang='lat' dir='ltr'>civibus</span> <span class='ocrx_word' id='word_1_122' title='bbox 2570 2468 2601 2513; x_wconf 83' lang='grc'>,</span> <span class='ocrx_word' id='word_1_123' title='bbox 2671 2411 2825 2519; x_wconf 79' lang='lat' dir='ltr'>pro</span> 
     </span>
     <span class='ocr_line' id='line_1_19' title="bbox 860 2516 2834 2636; baseline 0 -28"><span class='ocrx_word' id='word_1_124' title='bbox 860 2538 1090 2636; x_wconf 86' lang='lat' dir='ltr'>porta</span> <span class='ocrx_word' id='word_1_125' title='bbox 1127 2516 1736 2620; x_wconf 83' lang='lat' dir='ltr'>excubantibus,</span> <span class='ocrx_word' id='word_1_126' title='bbox 1790 2522 2071 2607; x_wconf 82' lang='lat' dir='ltr'>ultimo</span> <span class='ocrx_word' id='word_1_127' title='bbox 2130 2521 2267 2606; x_wconf 93' lang='lat' dir='ltr'>suo</span> <span class='ocrx_word' id='word_1_128' title='bbox 2317 2518 2401 2606; x_wconf 90' lang='lat' dir='ltr'>in</span> <span class='ocrx_word' id='word_1_129' title='bbox 2456 2521 2657 2608; x_wconf 82' lang='lat' dir='ltr'>hanc</span> <span class='ocrx_word' id='word_1_130' title='bbox 2688 2550 2834 2628; x_wconf 25' lang='lat' dir='ltr'>*ur-</span> 
     </span>
     <span class='ocr_line' id='line_1_20' title="bbox 865 2629 2834 2749; baseline -0.001 -30"><span class='ocrx_word' id='word_1_131' title='bbox 865 2637 1046 2720; x_wconf 90' lang='lat' dir='ltr'>bem</span> <span class='ocrx_word' id='word_1_132' title='bbox 1103 2629 1360 2716; x_wconf 89' lang='lat' dir='ltr'>reditu</span> <span class='ocrx_word' id='word_1_133' title='bbox 1435 2632 1767 2716; x_wconf 85' lang='lat' dir='ltr'>excusfis</span> <span class='ocrx_word' id='word_1_134' title='bbox 1801 2691 1829 2736; x_wconf 90' lang='lat'><strong>,</strong></span> <span class='ocrx_word' id='word_1_135' title='bbox 1906 2635 2121 2718; x_wconf 83' lang='lat' dir='ltr'>velut</span> <span class='ocrx_word' id='word_1_136' title='bbox 2179 2633 2485 2744; x_wconf 82' lang='lat' dir='ltr'>ingenti</span> <span class='ocrx_word' id='word_1_137' title='bbox 2550 2635 2834 2749; x_wconf 81' lang='lat' dir='ltr'>injuria</span> 
     </span>
     <span class='ocr_line' id='line_1_21' title="bbox 870 2739 2837 2856; baseline 0.002 -27"><span class='ocrx_word' id='word_1_138' title='bbox 870 2741 1014 2830; x_wconf 86' lang='lat' dir='ltr'>fibi</span> <span class='ocrx_word' id='word_1_139' title='bbox 1051 2739 1255 2849; x_wconf 64' lang='lat' dir='ltr'>facia</span> <span class='ocrx_word' id='word_1_140' title='bbox 1272 2795 1304 2842; x_wconf 81' lang='lat'>‚</span> <span class='ocrx_word' id='word_1_141' title='bbox 1357 2743 1709 2852; x_wconf 82' lang='lat' dir='ltr'>graviter</span> <span class='ocrx_word' id='word_1_142' title='bbox 1746 2742 1818 2828; x_wconf 89' lang='lat' dir='ltr'>se</span> <span class='ocrx_word' id='word_1_143' title='bbox 1859 2739 2238 2856; x_wconf 87' lang='lat' dir='ltr'>offensum</span> <span class='ocrx_word' id='word_1_144' title='bbox 2280 2746 2415 2854; x_wconf 85' lang='lat' dir='ltr'>(I)</span> <span class='ocrx_word' id='word_1_145' title='bbox 2458 2747 2837 2856; x_wconf 81' lang='lat' dir='ltr'>quereba-</span> 
     </span>
     <span class='ocr_line' id='line_1_22' title="bbox 872 2853 2841 2958; baseline 0.001 -18"><span class='ocrx_word' id='word_1_146' title='bbox 872 2873 1022 2940; x_wconf 91' lang='lat' dir='ltr'>tur.</span> <span class='ocrx_word' id='word_1_147' title='bbox 1142 2853 1337 2936; x_wconf 90' lang='lat' dir='ltr'>Non</span> <span class='ocrx_word' id='word_1_148' title='bbox 1374 2853 1685 2957; x_wconf 87' lang='lat' dir='ltr'>penitus</span> <span class='ocrx_word' id='word_1_149' title='bbox 1722 2871 1989 2940; x_wconf 82' lang='lat' dir='ltr'>tamen</span> <span class='ocrx_word' id='word_1_150' title='bbox 2026 2855 2379 2958; x_wconf 86' lang='lat' dir='ltr'>injustam</span> <span class='ocrx_word' id='word_1_151' title='bbox 2414 2877 2549 2940; x_wconf 87' lang='lat' dir='ltr'>aut</span> <span class='ocrx_word' id='word_1_152' title='bbox 2591 2876 2841 2942; x_wconf 87' lang='lat' dir='ltr'>teme·</span> 
     </span>
    </p>
   </div>
   <div class='ocr_carea' id='block_1_3' title="bbox 871 2959 2990 3080">
    <p class='ocr_par' dir='ltr' id='par_1_3' title="bbox 871 2959 2990 3080">
     <span class='ocr_line' id='line_1_23' title="bbox 871 2959 2990 3080; baseline 0.001 -28"><span class='ocrx_word' id='word_1_153' title='bbox 871 2963 1155 3052; x_wconf 83' lang='lat' dir='ltr'>rariam</span> <span class='ocrx_word' id='word_1_154' title='bbox 1185 2959 1406 3049; x_wconf 79' lang='lat' dir='ltr'>fuifl’e</span> <span class='ocrx_word' id='word_1_155' title='bbox 1443 2964 1643 3049; x_wconf 84' lang='lat' dir='ltr'>hanc</span> <span class='ocrx_word' id='word_1_156' title='bbox 1672 2964 2068 3052; x_wconf 88' lang='lat' dir='ltr'>Ordinum</span> <span class='ocrx_word' id='word_1_157' title='bbox 2121 2968 2251 3052; x_wconf 91' lang='lat' dir='ltr'>illo</span> <span class='ocrx_word' id='word_1_158' title='bbox 2277 2971 2443 3079; x_wconf 85' lang='lat' dir='ltr'>jam</span> <span class='ocrx_word' id='word_1_159' title='bbox 2483 2988 2845 3080; x_wconf 88' lang='lat' dir='ltr'>tempore</span> <span class='ocrx_word' id='word_1_160' title='bbox 2988 2961 2990 2966; x_wconf 62' lang='grc'>’</span> 
     </span>
    </p>
   </div>
   <div class='ocr_carea' id='block_1_4' title="bbox 801 3075 2853 3840">
    <p class='ocr_par' dir='ltr' id='par_1_4' title="bbox 801 3075 2853 3840">
     <span class='ocr_line' id='line_1_24' title="bbox 801 3075 2845 3194; baseline 0 -30"><span class='ocrx_word' id='word_1_161' title='bbox 801 3168 807 3182; x_wconf 64' lang='grc'><strong>,</strong></span> <span class='ocrx_word' id='word_1_162' title='bbox 875 3077 1376 3194; x_wconf 84' lang='lat' dir='ltr'>suspicionem</span> <span class='ocrx_word' id='word_1_163' title='bbox 1412 3084 1418 3091; x_wconf 83' lang='lat'>&#39;</span> <span class='ocrx_word' id='word_1_164' title='bbox 1458 3095 1791 3162; x_wconf 88' lang='lat' dir='ltr'>eventus</span> <span class='ocrx_word' id='word_1_165' title='bbox 1888 3075 2175 3163; x_wconf 90' lang='lat' dir='ltr'>deinde</span> <span class='ocrx_word' id='word_1_166' title='bbox 2256 3081 2779 3190; x_wconf 81' lang='lat' dir='ltr'>conprobavit</span> <span class='ocrx_word' id='word_1_167' title='bbox 2812 3141 2845 3184; x_wconf 88' lang='lat'><strong>,</strong></span> 
     </span>
     <span class='ocr_line' id='line_1_25' title="bbox 876 3184 2845 3301; baseline 0.001 -25"><span class='ocrx_word' id='word_1_168' title='bbox 876 3184 1248 3301; x_wconf 84' lang='lat' dir='ltr'>quand0‚</span> <span class='ocrx_word' id='word_1_169' title='bbox 1311 3186 1482 3296; x_wconf 91' lang='lat' dir='ltr'>post</span> <span class='ocrx_word' id='word_1_170' title='bbox 1532 3187 1953 3296; x_wconf 82' lang='lat' dir='ltr'>abruptum</span> <span class='ocrx_word' id='word_1_171' title='bbox 1995 3188 2563 3277; x_wconf 81' lang='lat' dir='ltr'>Pacificationis</span> <span class='ocrx_word' id='word_1_172' title='bbox 2606 3191 2845 3278; x_wconf 88' lang='lat' dir='ltr'>Colo·</span> 
     </span>
     <span class='ocr_line' id='line_1_26' title="bbox 876 3298 2844 3411; baseline 0.001 -24"><span class='ocrx_word' id='word_1_173' title='bbox 876 3299 1163 3387; x_wconf 86' lang='lat' dir='ltr'>nienlis</span> <span class='ocrx_word' id='word_1_174' title='bbox 1184 3301 1591 3411; x_wconf 79' lang='lat' dir='ltr'>negotium</span> <span class='ocrx_word' id='word_1_175' title='bbox 1613 3362 1640 3400; x_wconf 78' lang='lat'>‚</span> <span class='ocrx_word' id='word_1_176' title='bbox 1656 3298 2418 3408; x_wconf 78' lang='lat' dir='ltr'>Grobbendonckius</span> <span class='ocrx_word' id='word_1_177' title='bbox 2442 3306 2595 3410; x_wconf 64' lang='lat' dir='ltr'>ip‘fie</span> <span class='ocrx_word' id='word_1_178' title='bbox 2609 3361 2638 3404; x_wconf 81' lang='lat'>,</span> <span class='ocrx_word' id='word_1_179' title='bbox 2657 3331 2844 3393; x_wconf 83' lang='lat' dir='ltr'>cum</span> 
     </span>
     <span class='ocr_line' id='line_1_27' title="bbox 805 3409 2853 3527; baseline 0.002 -29"><span class='ocrx_word' id='word_1_180' title='bbox 805 3507 816 3522; x_wconf 59' lang='lat'>„</span> <span class='ocrx_word' id='word_1_181' title='bbox 877 3415 1045 3498; x_wconf 67' lang='lat' dir='ltr'>aliis⁴</span> <span class='ocrx_word' id='word_1_182' title='bbox 1089 3433 1347 3520; x_wconf 86' lang='lat' dir='ltr'>partes</span> <span class='ocrx_word' id='word_1_183' title='bbox 1405 3411 1805 3500; x_wconf 87' lang='lat' dir='ltr'>Ordinum</span> <span class='ocrx_word' id='word_1_184' title='bbox 1850 3409 2251 3518; x_wconf 83' lang='lat' dir='ltr'>deserens,</span> <span class='ocrx_word' id='word_1_185' title='bbox 2302 3415 2404 3502; x_wconf 81' lang='lat' dir='ltr'>ad</span> <span class='ocrx_word' id='word_1_186' title='bbox 2460 3417 2853 3527; x_wconf 79' lang='lat' dir='ltr'>Hispano·</span> 
     </span>
     <span class='ocr_line' id='line_1_28' title="bbox 879 3521 2662 3637; baseline 0 -28"><span class='ocrx_word' id='word_1_187' title='bbox 879 3553 1051 3612; x_wconf 87' lang='lat' dir='ltr'>rum</span> <span class='ocrx_word' id='word_1_188' title='bbox 1111 3523 1347 3611; x_wconf 84' lang='lat' dir='ltr'>castra</span> <span class='ocrx_word' id='word_1_189' title='bbox 1422 3521 1741 3612; x_wconf 73' lang='lat' dir='ltr'>transsit.</span> <span class='ocrx_word' id='word_1_190' title='bbox 2120 3594 2133 3604; x_wconf 86' lang='lat'><em>.</em></span> <span class='ocrx_word' id='word_1_191' title='bbox 2298 3627 2306 3637; x_wconf 93' lang='lat'><em>.</em></span> <span class='ocrx_word' id='word_1_192' title='bbox 2621 3533 2662 3619; x_wconf 67' lang='grc' dir='ltr'>ᾗ</span> 
     </span>
     <span class='ocr_line' id='line_1_29' title="bbox 991 3633 2847 3746; baseline 0.001 -21"><span class='ocrx_word' id='word_1_193' title='bbox 991 3639 1192 3725; x_wconf 89' lang='lat' dir='ltr'>Non</span> <span class='ocrx_word' id='word_1_194' title='bbox 1225 3634 1357 3721; x_wconf 90' lang='lat' dir='ltr'>diu</span> <span class='ocrx_word' id='word_1_195' title='bbox 1391 3655 1655 3738; x_wconf 82' lang='lat' dir='ltr'>tamen</span> <span class='ocrx_word' id='word_1_196' title='bbox 1682 3633 1852 3746; x_wconf 87' lang='lat' dir='ltr'>post</span> <span class='ocrx_word' id='word_1_197' title='bbox 1884 3635 2365 3730; x_wconf 79' lang='lat' dir='ltr'>Namurcum</span> <span class='ocrx_word' id='word_1_198' title='bbox 2404 3635 2672 3727; x_wconf 87' lang='lat' dir='ltr'>denuo</span> <span class='ocrx_word' id='word_1_199' title='bbox 2706 3639 2847 3736; x_wconf 51' lang='grc' dir='ltr'>εὼς</span> 
     </span>
     <span class='ocr_line' id='line_1_30' title="bbox 2461 3757 2850 3840; baseline 0.008 -3"><span class='ocrx_word' id='word_1_200' title='bbox 2461 3775 2465 3780; x_wconf 82' lang='grc'><strong><em>’</em></strong></span> <span class='ocrx_word' id='word_1_201' title='bbox 2598 3771 2607 3778; x_wconf 76' lang='grc'><strong>“</strong></span> <span class='ocrx_word' id='word_1_202' title='bbox 2646 3776 2650 3780; x_wconf 84' lang='grc'><em>’</em></span> <span class='ocrx_word' id='word_1_203' title='bbox 2740 3757 2850 3840; x_wconf 69' lang='lat' dir='ltr'>loe</span> 
     </span>
    </p>
   </div>
   <div class='ocr_carea' id='block_1_5' title="bbox 959 3909 1979 4030">
    <p class='ocr_par' dir='ltr' id='par_1_5' title="bbox 959 3909 1979 4030">
     <span class='ocr_line' id='line_1_31' title="bbox 959 3909 1979 4030; baseline 0.006 -50"><span class='ocrx_word' id='word_1_204' title='bbox 959 3915 1068 4014; x_wconf 63' lang='lat' dir='ltr'>(l)</span> <span class='ocrx_word' id='word_1_205' title='bbox 1113 3912 1258 3982; x_wconf 87' lang='lat' dir='ltr'>vid.</span> <span class='ocrx_word' id='word_1_206' title='bbox 1304 3931 1371 4002; x_wconf 87' lang='lat' dir='ltr'>p.</span> <span class='ocrx_word' id='word_1_207' title='bbox 1395 3921 1502 4000; x_wconf 78' lang='lat'>67.</span> <span class='ocrx_word' id='word_1_208' title='bbox 1534 3921 1639 3995; x_wconf 82' lang='lat'>69.</span> <span class='ocrx_word' id='word_1_209' title='bbox 1664 3909 1740 4030; x_wconf 36' lang='lat'>¹&amp;</span> <span class='ocrx_word' id='word_1_210' title='bbox 1770 3933 1881 3994; x_wconf 81' lang='lat'>91.</span> <span class='ocrx_word' id='word_1_211' title='bbox 1972 4015 1979 4022; x_wconf 23' lang='grc' dir='ltr'><strong><em>ο</em></strong></span> 
     </span>
    </p>
   </div>
  </div>
 </body>
</html>
