3017 5200
849 521 987 604 164
1094 514 1854 629 ''Casrinrs
1953 513 2473 589 S.en‘t·r1

848 690 1073 769 nullos
1120 688 1209 763 ad
1250 682 1696 760 Calvinianos
1759 687 1874 759 vel
1920 686 2358 761 Lutheranos
2395 686 2668 783 postea·
2703 707 2838 759 ace

852 778 1127 865 c'essiffe.
1222 782 1457 876 Possfet
1500 804 1732 855 autem
1767 782 2070 859 fortaffis
2105 784 2322 881 hujus‘
2354 786 2646 885 effectus
2697 785 2826 857 ali-

850 911 985 984 qua
1016 881 1321 959 inveniri
1356 879 1556 953 causa
1577 936 1603 969 ,
1627 880 1816 978 quod
1836 882 1991 980 ,qui
2031 882 2392 956 Catholica
2427 884 2614 969 sacra
2647 882 2828 955 hae-

854 980 1101 1071 reticis
1132 1002 1353 1077 ,quae
1396 978 1590 1051 adire
1627 998 2001 1074 poterant,
2029 982 2560 1080 praetulerunt„
2613 1002 2830 1074 certo

851 1083 1001 1180 jam
1054 1077 1385 1167 confilio,
1448 1074 1528 1149 δι
1573 1076 1794 1149 veluti
1853 1077 2214 1177 praemissa
2265 1078 2830 1164 deliberatione,

851 1176 1047 1255 suam
1078 1172 1526 1273 Religionem
1569 1174 1896 1249 omnibus
1935 1177 2089 1251 aliis
2125 1176 2324 1249 sestis
2356 1178 2712 1273 potiorem
2743 1174 2832 1249 <St

852 1274 1245 1363 veriorem,
1281 1272 1479 1346 sicuti
1515 1294 1761 1347 revera
1787 1271 1932 1364 est,
1959 1275 2097 1348 effe
2117 1273 2521 1351 statuerunt.
2569 1276 2834 1373 Itaque

860 1362 943 1449 ἆ
986 1396 1111 1470 per
1150 1371 1219 1445 se
1268 1369 1493 1468 magis
1538 1370 1930 1446 immobiles
1968 1373 2040 1446 in
2087 1397 2170 1446 ea
2221 1392 2634 1469 permanent
2672 1429 2694 1462 ,
2749 1370 2832 1459 ἃ

852 1474 997 1571 jam
1020 1527 1041 1561 ,
1062 1490 1207 1543 non
1240 1469 1381 1543 fine
1417 1492 1528 1541 ma
1581 1492 1669 1549 na
1703 1466 2208 1545 inconstantiae
2239 1472 2315 1551 ἃ
2349 1469 2662 1545 levitatis
2695 1495 2828 1545 no-

862 1592 978 1659 ta,
1036 1570 1243 1642 ab'ea
1292 1564 1362 1640 se
1406 1591 1497 1663 po
1555 1590 1596 1639 e
1644 1564 1898 1640 refilire
1925 1569 2370 1659 arbitrantur.
2475 1569 2620 1675 Qui
2653 1592 2827 1643 vero

859 1666 1173 1743 nondum
1216 1688 1550 1763 accepere
1619 1663 1802 1737 hanc
1881 1668 2014 1745 alia
2069 1692 2346 1765 quoque
2399 1669 2594 1742 sacra
2657 1690 2824 1742 con·

862 1762 1211 1863 spiciendi
1245 1782 1447 1862 atque
1476 1760 1776 1835 adeundi
1814 1764 2210 1840 libertatem
2231 1824 2252 1857 ,
2289 1792 2327 1839 a
2361 1766 2670 1842 sestariis
2703 1791 2825 1861 op-

860 1882 1306 1961 pugnantur,
1359 1883 1712 1959 tamquam
1755 1860 1848 1953 ii,
1913 1864 2028 1975 qui
2069 1886 2444 1962 numquam
2485 1864 2612 1939 suo
2639 1924 2660 1951 ,
2709 1862 2824 1938 sed
2917 1922 2930 1939 .

787 1982 799 1999 ·
864 1948 1096 2037 alieno
1133 1960 1399 2055 semper
1427 1959 2493 2060 judicio,Relig10nem,qua·m
2549 1966 2819 2051 colunt,

869 2056 1431 2153 compleffuntur
1455 2083 1483 2132 ι
1510 2043 1602 2130 Bc
1640 2079 2007 2153 propterea
2046 2060 2406 2133 facilior-es-
2433 2062 2500 2133 se
2537 2063 2632 2135 ad
2669 2085 2820 2135 con-

866 2156 1079 2249 tjraria
1112 2154 1453 2229 audienda
1477 2176 1882 2251 argumenta
1911 2160 2280 2253 praebent:
2336 2158 2416 2231 <Sc
2454 2159 2737 2235 facilius
2757 2160 2823 2231 in

868 2256 1159 2353 laqueos·
1197 2276 1437 2326 eorum
1481 2252 1990 2349 pertrahuntur.
2084 2258 2192 2329 Ex
2246 2256 2356 2329 his
2399 2257 2630 2354 igitur
2681 2258 2822 2330 satis

873 2370 1204 2451 apparet,
1252 2339 1394 2427 n‘on
1426 2354 1648 2427 multo
1675 2354 2049 2449 majorem,
2091 2354 2404 2445 fi‘tamen
2440 2360 2672 2455 major
2699 2355 2820 2439 est,

876 2475 968 2545 ex
1004 2449 1231 2525 nostra
1260 2476 1464 2549 quam
1513 2474 1600 2523 ex
1649 2448 1920 2549 illorum
1957 2454 2133 2538 Pace
2185 2452 2384 2549 sequi.
2431 2454 2824 2529 Catholicae

830 2616 837 2626 s
870 2548 1266 2646 Religionis
1311 2546 1733 2640 utilitatem,
1787 2549 1864 2624 ἅ
1899 2549 2192 2647 proinde
2222 2576 2378 2624 eum
2415 2572 2549 2626 nos
2574 2576 2666 2627 ex
2697 2551 2826 2649 ipsa

878 2670 1024 2720 non
1070 2647 1409 2744 consequi
1436 2647 1646 2720 finem
1683 2703 1710 2732 ,
1755 2673 1959 2744 quem
1997 2669 2102 2722 tot
2140 2707 2160 2739 ,
2211 2669 2289 2724 ut
2325 2649 2520 2740 dixi,
2574 2653 2828 2748 pericu·

875 2744 960 2818 Iis
1003 2742 1079 2817 δε
1128 2745 1322 2817 malis
1378 2744 1864 2820 redimendum
1911 2747 2284 2824 censemus.
2397 2751 2658 2826 Tertio
2691 2747 2832 2821 dili·

878 2863 1127 2944 genter
1160 2841 1774 2932 confiderandum3
1823 2843 1945 2918 vix
1979 2844 2392 2942 sperandum
2420 2849 2620 2920 nobis
2665 2847 2843 2934 ess'e,

879 2959 960 3032 ut
995 2939 1161 3012 huic
1202 2940 1489 3012 decreto
1531 2995 1551 3028 ,
1599 2965 1738 3036 quo
1777 2967 1816 3014 a
1852 2943 2328 3017 Concionibus
2363 2944 2696 3018 abstinere
2731 2947 2844 3041 ju-

881 3037 1139 3134 bentur
1168 3094 1187 3126 ‚
1240 3037 1369 3110 fint
1414 3037 1707 3136 parituri
1751 3091 1774 3127 ‚
1827 3042 2093 3116 tametfi
2137 3042 2367 3134 fanfie
2407 3042 2486 3116 ὅ(
2532 3042 2840 3117 solenni-

882 3155 993 3208 ter
1047 3133 1119 3208 id
1150 3139 1235 3208 ab
1284 3135 1442 3234 ipfis
1468 3131 1669 3209 ,in'ter
1712 3138 1899 3212 alios-¹
1925 3135 2122 3213 Pacis
2166 3141 2500 3214 articulos
2538 3142 2844 3238 promit-

880 3233 1445 3317 tatuti'infitum
1487 3234 1675 3308 enim
1711 3255 1955 3311 natura
2001 3238 2267 3330 cunetis
2301 3237 2404 3312 est
2433 3239 2842 3312 ferventiffi-

881 3358 1078 3406 mum
1128 3333 1456 3430 publicae
1505 3330 1903 3430 Religionis
1945 3335 2104 3410 suae
2148 3337 2318 3410 ritus
2359 3337 2638 3412 colendi
2667 3337 2842 3410 defi-

882 3432 1207 3514 derium:
1276 3433 1461 3508 suam
1518 3431 1776 3506 deinde
1835 3433 2104 3508 sectarii
2171 3436 2690 3526 multitudinem
2739 3434 2844 3508 in·

752 3604 759 3613 ,
876 3545 1157 3603 tuentes
1196 3529 2100 3626 iniquiffime-judicabunt,
2153 3534 2671 3626 tothominum
2703 3535 2846 3607 mil-

876 3625 1057 3698 libus
1102 3629 1546 3704 interdiflam
1578 3627 1762 3701 hanc
1813 3649 1958 3702 tam
2000 3627 2240 3706 natur'a
2279 3634 2608 3709 omnibus
2649 3655 2842 3730 opta·

878 3721 1093 3794 bilem
1123 3725 1509 3796 libertatem
1538 3783 1557 3814 ,
1611 3719 1686 3798 ἅ
1723 3725 1954 3824 specie
1982 3729 2436 3826 pietatiS,·tam
2471 3733 2850 3806 vehemen-

872 3821 1215 3892 t'er'nobis
1252 3823 1726 3896 blandientem
1779 3825 2235 3923 voluptatem.
2273 3875 2275 3877 ·
2330 3831 2854 3904 Intolerandum

878 3918 1089 4020 etiam
1118 3916 1537 4014 judicabunt
1573 3920 1736 4010 fibi,
1789 3941 1933 3996 tam
1963 3927 2206 4020 procul
2238 3930 2348 4002 vel
2379 3929 2482 4002 ad'
2501 3929 2858 4025 Nuptias,

872 4015 1001 4090 vel·
1024 4015 1113 4090 ati
1150 4017 1487 4122 Synaxim
1523 4073 1546 4118 2
1596 4021 1710 4096 vel
1739 4021 1828 4116 ad
1857 4024 2284 4122 Baptismum
2319 4081 2348 4121 ,
2399 4030 2516 4110 vel
2555 4025 2650 4100 ad
2675 4030 2854 4099 Con-

2579 4125 2814 4201 ciones
2830 4177 2860 4214 ,

1500 4323 1507 4354 l

2985 1478 2992 1825 ¹
