3017 5200
946 222 975 249 ,κ
1062 197 1078 244 Ι

388 574 399 580 .
443 510 556 615 Jo.
607 512 1009 596 Ausi-nuc.
1068 534 1166 589 nr
1216 512 1417 591 Ono.
1462 489 1860 595 Eumeda·
2063 542 2206 619 113

212 691 526 787 Cumque
575 688 832 766 nullam
866 690 1359 767 conditionem
1385 688 1545 787 ipfis
1566 700 1916 789 proponat
1935 745 1959 781 ,
2011 716 2192 791 quae

217 812 366 865 non
396 784 563 885 justa
606 786 725 879 fit,
778 786 857 863 ἃ
909 788 1386 887 aequitabilis,
1433 807 1555 863 aut
1581 813 1760 887 quae
1804 815 1968 867 cum
1997 790 2186 869 dieta

216 885 715 963 Pacificatione
746 885 1135 997 dissentiat,
1155 884 1269 963 cui
1318 887 1405 981 ue
1442 887 1829 985 nemo,qui
1873 888 2182 966 Catholi-

219 1010 379 1060 cam
408 982 618 1057 fidem
655 985 1068 1081 profiteatur
1091 1043 1114 1076 ‚
1160 979 1241 1059 ἃ
1320 984 1546 1069 delem
1577 985 1932 1061 subditum
1974 1010 2176 1085 prae·

212 1082 395 1159 stare
444 1082 886 1173 contendat,
933 1082 1275 1179 refragari
1314 1082 1522 1179 poffit
1550 1138 1574 1174 ,
1619 1078 2018 1164 existimare
2063 1085 2174 1175 se,

200 1204 433 1279 neque
472 1180 669 1278 ipsos·
696 1181 1047 1279 gravatim
1087 1180 1215 1255 has
1244 1180 1696 1261 admiss'uros...
1743 1184 2014 1280 Cupere
2055 1208 2175 1259 au-

210 1298 355 1355 tem
386 1334 409 1369 ‚
462 1298 549 1355 ut
599 1278 745 1353 fine
789 1278 1131 1355 dilatione
1165 1278 1275 1376 aclx
1304 1302 1390 1355 ea
1451 1278 1955 1377 respondeant,
2006 1282 2175 1358 alio-

195 1378 366 1474 quin
402 1433 427 1467 ,
486 1376 619 1451 nifi
658 1398 953 1473 pareant
994 1375 1075 1453 δε
1122 1400 1409 1472 morem
1436 1400 1685 1476 gerere
1728 1378 2174 1469 detrestent,
2251 1456 2255 1469 ,

191 1475 637 1574 capiendum
678 1475 801 1557 fibi
846 1475 1255 1564 confilium,
1304 1474 1384 1551 &c
1426 1499 1520 1551 ex
1559 1475 1892 1553 mandato
1935 1480 2176 1575 Regio

190 1574 278 1652 iis
311 1570 663 1652 remediis
682 1630 709 1665 ‚
752 1598 929 1673 quae
967 1578 1172 1653 Deus
1217 1572 1319 1649 illi
1357 1572 1772 1659 concesserit.
1799 1629 1821 1662 ‚
1872 1577 2177 1653 necefl'a·

184 1672 299 1748 rio
342 1673 487 1751 fibi
536 1672 881 1751 utendum
924 1672 1081 1750 fore
1114 1730 1139 1764 ‚
1200 1672 1325 1749 ad>
1352 1672 1496 1749 duo
1553 1673 1674 1749 illa
1734 1673 1935 1771 supra
1985 1673 2176 1754 dieta

178 1772 409 1847 Pacis·
430 1795 529 1847 ca
582 1771 681 1845 ita
706 1770 1105 1861 asserenda3
1127 1789 1205 1845 ut
1248 1769 1444 1846 enim
1480 1792 1804 1847 neutrum
1830 1771 2176 1866 violetur,

179 1868 499 1945 decrevi
557 1893 597 1941 e
628 1870 909 1966 Regem
944 1870 1114 1945 totis
1144 1867 1415 1947 viribus
1458 1894 1732 1947 cavere.
1831 1869 2178 1946 Protesta‘-

176 1986 302 2041 tur
338 1966 613 2042 deinde
646 1967 959 2067 omnium
992 1967 1702 2069 calamitatum-‚quae
1729 1968 2176 2061 immineant,
2283 1996 2286 2012 ¹

173 2064 381 2161 apud
412 2063 728 2141 Ordines
788 2066 1064 2145 causam
1132 2068 1546 2168 culpamque
1591 2066 1956 2160 futuram‘,
2003 2090 2178 2167 quas

171 2164 387 2241 Deus
405 2165 615 2255 ,Rex
632 2218 655 2255 ,
673 2162 1231 2243 &afflifiliffimus
1254 2168 1553 2266 populus
1577 2170 1666 2242 ab
1696 2166 1856 2263 ipfis
1889 2167 2026 2243 fint
2061 2188 2174 2243 re·

164 2260 540 2360 poscituri
570 2288 596 2355 3
662 2261 839 2339 dum
908 2264 1287 2341 temerarie
1366 2265 1548 2341 adeo
1619 2264 2024 2363 Religionis
2095 2262 2180 2340 Gt

168 2358 544 2458 Principis
614 2360 753 2457 sui„
806 2363 1307 2439 authoritatem
1365 2363 1848 2449 convellentes
1873 2418 1896 2452 ,
1970 2384 2181 2458 repu-

163 2457 597 2555 diatisque,
655 2481 827 2555 quas
870 2460 1032 2557 ipsis
1076 2459 1336 2553 offert,
1382 2477 1534 2533 tam
1579 2457 1888 2534 honestis
1928 2457 2183 2554 eondi-

162 2554 514 2633 tionibus
548 2609 573 2644 ,
641 2554 721 2629 in
770 2556 1025 2658 quibus
1074 2557 1304 2671 magis
1370 2556 1688 2656 ipsorum
1727 2556 2043 2642 utilitatis
2093 2554 2175 2643 ὃς

154 2651 613 2744 commodi,
684 2677 907 2755 quam·
948 2655 1107 2732 suae
1166 2656 1531 2756 dignitatis
1575 2655 1905 2733 habuerit
1957 2655 2172 2732 ratio-
2290 2735 2293 2740 ,

154 2778 345 2830 nem
374 2809 401 2845 ‚
426 2775 475 2826 a
506 2750 973 2851 Reipublicae
997 2755 1529 2853 perturbatione
1569 2755 1662 2834 ad
1705 2754 2024 2832 officium
2058 2753 2174 2836 ni-

152 2854 329 2930 hilo
360 2851 613 2928 secius
633 2851 905 2931 adduci
922 2863 1069 2928 non
1092 2853 1377 2968 poffint.
2021 2860 2024 2866 ‘
2143 2907 2152 2926 ,

266 2947 499 3055 Qae
528 2949 694 3026 suae
734 2951 1146 3028 Sereni—tatis
1193 2953 1473 3028 litterae
1501 2951 1584 3030 δε
1611 2951 2120 3066 propositiones
2137 3007 2166 3044 ,

149 3076 343 3152 quas
374 3049 477 3141 de
500 3047 851 3126 sententia
878 3048 956 3126 ἃ
978 3052 1347 3128 voluntate
1362 3051 1435 3126 se
1455 3053 1680 3150 Regis
1710 3051 2168 3148 praetendere

152 3152 418 3250 ajebat
434 3200 464 3228 ,
506 3171 679 3222 cum
712 3147 1176 3245 plurimorum
1218 3147 1590 3225 stomacho
1615 3171 1762 3224 non
1793 3147 2167 3246 satisface-

150 3267 330 3333 rent
352 3301 381 3336 ,
405 3243 707 3323 habitae
732 3243 888 3322 sunt
915 3245 993 3321 δε
1020 3247 1380 3345 judicatae
1400 3303 1421 3338 ‚
1455 3265 1790 3345 tanquam
1830 3246 1920 3322 ad
1953 3246 2170 3324 aliurn
2293 3315 2300 3325 .

144 3348 441 3424 nullum
480 3342 713 3418 finem
744 3343 1113 3420 tendentes
1131 3401 1155 3437 ‚
1184 3369 1397 3444 quam
1426 3363 1505 3420 ut
1533 3345 1792 3420 bellum
1819 3344 2170 3423 Auraicae

149 3441 499 3544 Principi
532 3459 945 3518 moveretur
974 3499 998 3534 ‚
1022 3465 1111 3517 eo
1138 3443 1429 3520 confilio
1442 3441 1808 3542 studioque
1841 3462 1948 3534 ,ut
1971 3467 2170 3520 com-

36 3565 41 3576 ·
140 3542 413 3622 miffae
438 3541 691 3620 denuo
703 3539 895 3618 inter
908 3539 981 3615 se
1008 3541 1457 3633 Provinciae,
1484 3539 1564 3618 δε
1579 3542 2168 3621 mutuis-vulneri-

142 3649 295 3721 bus
306 3638 737 3720 debilitatae
756 3635 1257 3740 confefitaeque
1270 3698 1294 3734 ‚
1311 3639 1586 3718 facilius
1599 3641 1885 3718 tandem
1913 3641 2162 3716 subin—

143 3757 547 3821 tentatum
576 3737 857 3837 pridem
880 3740 1133 3853 jugum
1164 3739 1680 3839 redigerentur.
1752 3741 1995 3840 Itaque
2033 3741 2216 3816 <lo-1·

138 3837 623 3928 minantibus
646 3837 757 3914 his
796 3838 1249 3937 opinionibus
1294 3839 1386 3915 ad
1431 3861 1784 3916 armorum
1814 3839 2166 3938 utrimque

141 3953 609 4038 apparatum
638 3955 931 4012 ventum
960 3937 1063 4014 est
1089 3995 1113 4031 ‚
1164 3936 1246 4014 δε
1264 3937 1542 4014 furoris
1585 3937 1786 4016 istius
1815 3941 2166 4038 pernicio-

48 4043 55 4048 ’
136 4032 824 4153 fissimijncendia.
847 4057 989 4136 per
1028 4035 1433 4214 univfisum
1480 4038 1804 4136 Belgium
1852 4036 2171 4210 εὲζῗῐὶῑεῐ

904 4147 942 4166 “·
1423 4215 1433 4225 ,
1947 4159 1974 4211 ι
1997 4155 2159 4244 per-
