3017 5200
1016 505 1096 603 ·(·
1187 524 1322 601 271
1418 496 1462 606 3

258 706 545 803 Quoque
577 697 724 769 mihi
742 742 768 778 ,
806 715 1059 785 quoque
1087 695 1221 783 ipse
1255 698 1374 764 tibi
1401 698 1761 787 coniungor
1788 720 2049 791 amore,

357 812 543 893 Dicta
581 808 724 875 satis
777 806 931 873 tutis
975 804 1226 872 auribus
1272 802 1389 871 ista
1435 818 1637 887 putet.

273 909 468 978 Certe
492 929 610 995 ego
650 929 809 1015 quae
855 909 977 977 toti
1013 924 1141 975 tam
1185 908 1326 977 sunt
1372 909 1534 977 bene
1576 917 1838 1002 cognita
1876 920 2150 1007 munde,

355 1018 744 1086 Crediderim
788 1034 1002 1087 tecum
1048 1020 1460 1107 dissimulafl'e
1477 1023 1677 1095 nefas,

274 1118 464 1211 Ipsae
483 1122 808 1211 Pegasides
847 1143 979 1190 non
1035 1144 1139 1193 me
1181 1126 1489 1197 reticente
1539 1126 1849 1214 filebunt,

353 1231 543 1298 Talia
580 1250 646 1297 at
689 1232 768 1299 ad
802 1228 1075 1335 satrapas
1132 1247 1200 1298 te
1249 1251 1633 1321 properante
1672 1232 1901 1305 ferent.

265 1320 504 1430 Hess'e,
555 1366 756 1417 tuone
807 1347 972 1433 petis
1013 1362 1162 1413 cum
1208 1348 1488 1415 carmine
1538 1348 1785 1434 nescius
1822 1345 2128 1419 aulam?

345 1456 479 1523 Hei
523 1454 679 1521 mihi
717 1468 1019 1541 quantum
1061 1451 1220 1519 olim
1258 1470 1392 1520 nou
1433 1434 1679 1547 petiiss'e
1716 1452 1919 1520 voles.

258 1558 588 1629 Arcadicis
627 1555 852 1627 frustra
887 1558 1166 1625 citharae
1201 1558 1522 1661 pulsantur
1558 1557 1801 1640 asellis,

237 1753 242 1761 ,
345 1676 513 1773 Quis
551 1673 744 1742 violis
787 1689 1031 1761 turpem
1073 1672 1349 1741 sternere
1386 1687 1644 1786 quaerat
1691 1672 1962 1746 haram?

251 1776 514 1847 Frustra
558 1772 920 1861 pomposis
919 1768 1220 1840 decantes
1267 1774 1546 1865 carmina
1578 1774 1788 1845 bardis
1810 1824 1837 1859 ,

343 1886 498 1957 Non
543 1881 898 1983 intellectos
941 1882 1368 1967 extulerisque
1411 1855 1657 1951 modos,

255 2002 511 2093 Quaere
558 1974 831 2081 aliquem
871 1991 977 2057 cui
1025 1990 1145 2091 fint
1181 1988 1513 2093 Musarum
1544 1998 1802 2061 numina
1847 1996 2093 2097 cordi,

337 2112 598 2207 Quique
648 2105 829 2192 sagax
881 2119 1091 2199 tantae
1141 2080 1380 2172 sentiat
1407 2107 1565 2172 artis
1608 2125 1785 2193 opus.

249 2222 341 2291 Et
390 2237 641 2309 poteras
657 2262 684 2299 ,
729 2213 994 2284 Eobane
1020 2260 1046 2295 ,
1077 2216 1275 2295 alios,
1314 2233 1459 2281 nam
1507 2234 1661 2287 vera
1706 2214 1960 2289 fatebor
1976 2267 2003 2304 ,

338 2336 552 2432 Quam
591 2352 713 2399 nos
761 2332 826 2400 in
873 2332 1138 2418 proprio
1181 2326 1499 2415 reperiisse
1546 2325 1703 2394 solo,

243 2433 422 2505 Nam
464 2450 710 2518 poteras
757 2452 938 2505 vates
995 2438 1230 2506 donare
1277 2438 1406 2505 hoc
1454 2444 1719 2511 munere
1764 2442 2028 2519 vatem,

335 2537 614 2609 Aversae
657 2537 990 2628 excipient
1027 2540 1290 2611 nomina
1333 2536 1545 2608 nostra
1597 2537 1793 2608 Deae.
1868 2536 1879 2545 '
1983 2558 1987 2562 ·

245 2653 374 2725 Sed
425 2669 504 2717 ne
553 2665 618 2714 te
661 2649 858 2716 toties
902 2646 1119 2714 eadem
1171 2647 1446 2734 repetita
1499 2643 1877 2726 molestent,
1968 2643 1976 2652 “

334 2751 485 2826 Nec
525 2753 780 2833 tollam,
822 2769 944 2818 nec
977 2747 1154 2818 humi
1186 2769 1288 2818 me
1319 2752 1587 2836 amplius
1616 2753 1747 2839 ipse
1783 2777 2082 2844 premam.

241 2857 478 2926 Forsan
519 2855 925 2932 Achemeniis
957 2874 1334 2944 quamquam
1375 2877 1494 2925 nec
1534 2859 1756 2930 scrinia
1784 2872 2003 2954 gazis,
2082 2915 2088 2922 -

332 2966 557 3052 Ampla
595 2983 719 3032 nec
769 2951 1048 3034 aurifero
1094 2958 1345 3032 diffluat
1391 2983 1576 3037 amne
1616 2967 1874 3044 domus:
2048 2961 2055 2971 ’

246 3079 432 3145 Unus
469 3090 534 3142 at
573 3073 612 3141 ὲ
660 3071 918 3152 multis,
961 3070 1178 3157 populi
1217 3091 1357 3158 pars
1405 3061 1642 3162 simque
1677 3075 1983 3165 latentis,

259 3173 263 3180 ’
333 3185 422 3254 Et
465 3185 648 3252 nullo
694 3199 982 3254 veterum
1024 3181 1360 3264 stemmate
1392 3185 1606 3260 natur
1626 3207 1846 3275 eques:
1994 3259 2001 3262 ,
2122 3249 2129 3256 .

245 3287 517 3364 Gratior
558 3291 881 3375 inveniar,
924 3310 1110 3376 quam
1151 3277 1196 3359 fi
1241 3293 1632 3377 Jonckherus
1679 3301 2009 3390 oberrem,
2126 3381 2135 3394 ,
2184 3375 2195 3402 ⁴

331 3404 602 3475 Aulicus
653 3416 872 3470 aurato
912 3401 1391 3490 conspiciendus
1435 3423 1627 3492 equo.

250 3511 762 3606 Magnificusque
802 3513 928 3606 alta
966 3511 1046 3578 de
1084 3513 1309 3582 illustri
1355 3518 1629 3616 nomine
1664 3473 1927 3624 cunctos

327 3619 604 3689 Pendere
650 3618 964 3686 attonitos
1011 3605 1385 3716 ambitione
1393 3642 1631 3717 putem
1652 3675 1679 3712 ,

185 3733 196 3744 '
255 3729 376 3796 Me
413 3745 666 3817 propter
707 3749 812 3800 me
857 3732 1044 3819 digua
1079 3731 1292 3802 ferens
1334 3753 1763 3832 quaecumque
1804 3756 2057 3834 potenti

343 3830 606 3910 Inferior
657 3845 868 3918 nostra
915 3843 1290 3936 conditione
1325 3854 1523 3932 daret·
1620 3849 1651 3940 ,²
1674 3931 1708 3960 ,

2069 3975 2199 4047 Sci-
