3017 5200
835 556 889 633 4-
1075 538 1277 614 Cur.
1328 538 1608 631 scum
1659 532 1904 612 Coun.
1951 556 2049 611 nr.
2097 556 2280 611 nen
2332 552 2568 615 mrax-

844 708 1293 803 aeffec‘tarent,
1344 730 1786 787 coerceatur.
1877 710 2186 809 Legibus
2221 712 2508 811 quidem
2558 708 2636 785 ἃ
2687 654 2811 807 ’ρυ-

756 864 779 891 ³
846 810 1048 889 blicis
1074 808 1157 885 δε
1198 809 1498 909 privatis
1547 812 2116 886 Gubernatorum
2168 810 2477 909 potestas
2522 808 2623 883 est
2677 806 2808 880 cir-

847 910 1297 1008 cumscripta.
1366 912 1644 984 Verum
1687 906 1878 983 enim
1917 932 2128 998 vero,
2166 908 2286 982 ubi
2331 909 2634 1007 imperio
2668 928 2816 979 non

845 1006 950 1082 est
987 1008 1413 1099 authoritas,
1461 1008 1649 1081 nulla
1683 1006 1934 1081 itidem
1960 1006 2059 1079 est
2093 1006 2543 1081 obedientiae
2589 1005 2667 1081 &
2703 1027 2812 1078 re-

846 1131 1009 1181 rum
1117 1106 1533 1181 erendarum
1593 1106 1852 1181 forma.
1973 1106 2145 1179 Hoc
2205 1108 2537 1178 Proceres
2579 1160 2602 1195 ‚
2667 1102 2815 1175 hoc

846 1204 1057 1303 Mag'
1157 1224 1344 1295 atus,
1375 1204 1744 1297 civitates,
1765 1203 2151 1301 municipia
2170 1257 2191 1291 ‚
2220 1201 2297 1277 ἃ.
2327 1220 2670 1299 quotquot
2704 1224 2819 1273 or-

846 1298 1088 1379 dinem
1120 1302 1194 1375 in
1211 1300 1603 1399 Republica
1635 1303 2195 1393 ducunt,.animo
2235 1301 2613 1374 obtendere
2643 1321 2818 1397 con-

840 1401 1086 1493 venit,
1141 1400 1469 1473 fafitionis
1510 1403 1858 1497 popularis
1891 1401 2240 1474 minorem
2283 1397 2360 1473 ὅ(
2394 1394 2816 1479 tolerabilio-

842 1522 997 1576 rem
1038 1496 1175 1573 ess'e
1217 1495 1594 1588 offensam,
1662 1523 1868 1595 quam
1911 1499 2228 1595 ipsorum
2275 1496 2817 1583 conniventiae,

848 1622 987 1697 qua
1022 1620 1187 1671 cum
1236 1618 1520 1669 reorum
1552 1597 1756 1695 culpa
1792 1619 1936 1670 non
1975 1596 2193 1669 modo
2241 1594 2766 1669 communicant
2791 1646 2813 1681 ,

849 1717 1101 1771 verum
1150 1692 1231 1771 δε
1282 1693 1479 1785 illos,
1531 1694 1776 1793 quibus
1816 1696 2047 1792 jurata
2118 1694 2262 1767 fide
2310 1692 2388 1767 ὅ(
2422 1691 2689 1766 solenni
2721 1691 2815 1764 sa-

848 1813 1219 1869 eramento
1270 1792 1586 1868 devinffi
1635 1792 2028 1892 astriffique
2073 1789 2276 1882 sunt,
2329 1791 2564 1866 'officii
2599 1790 2815 1863 inter·
2871 1824 2877 1829 ·

843 1892 1161 1969 miffione
1189 1890 1495 1969 laed-unt.

949 1991 1349 2091 Multorum
1368 2015 1582 2088 porro
1601 1992 1871 2069 animos
1894 1990 2151 2091 fatigat
2171 1986 2550 2080 admiratio
2568 2045 2591 2079 ,
2609 1982 2820 2061 exsti-

814 2086 997 2162 ‘tisse
1038 2088 1427 2177 ala-initio,
1478 2090 1600 2186 qui
1647 2091 1968 2165 inaudita
1999 2089 2438 2176 temeritate,
2491 2086 2570 2159 δε
2627 2085 2813 2159 divi-

845 2208 983 2261 nae
1012 2184 1089 2261 δε
1132 2185 1369 2283 regiae
1410 2188 1792 2285 majestatis
1828 2188 2096 2265 crimen
2138 2186 2476 2283 aggresti,
2530 2185 2826 2281 religi00

840 2308 1009 2359 nem
1046 2285 1387 2383 innovare
1421 2304 1800 2363 tentarent.
1867 2288 2098 2391 Quam
2139 2308 2314 2361 vero
2347 2306 2579 2373 nunc,
2622 2281 2819 2377 post-

841 2406 1055 2481 quam
1088 2382 1295 2479 hujus
1330 2383 1534 2457 causa
1581 2384 1930 2461 dimdium
1986 2384 2814 2477 latiffimeopropagatum

846 2480 1085 2559 crevit
1119 2537 1139 2570 ‚
1206 2480 1606 2581 desperatae
1657 2482 1790 2555 fint
1842 2481 2484 2582 componendarum
2517 2476 2808 2575 provin·

847 2580 1116 2654 ciarum
1149 2577 1505 2665 rationes,
1559 2603 1808 2672 nemo,
1865 2584 2042 2680 proh
2081 2580 2328 2656 dolor!
2380 2601 2523 2651 non
2568 2574 2812 2666 videt,

840 2676 1251 2774 praesertim
1300 2677 1592 2750 militari
1641 2679 1974 2754 haetenus
2027 2678 2321 2756 licentia
2379 2675 2812 2750 exacerbatis

842 2771 1387 2870 provincialium
1435 2775 1688 2848 animis
1717 2794 1750 2866 ,·
1807 2800 2029 2873 eoque
2079 2777 2369 2850 subnata
2427 2773 2816 2847 diffidentia

842 2869 1197 2959 adductis,
1252 2892 1331 2943 ut
1358 2898 1400 2945 a
1446 2873 1649 2966 culpa
1677 2894 1947 2953 metum
1987 2872 2348 2970 supplicii,
2399 2894 2626 2968 neque
2666 2875 2811 2945 Re-

845 2967 963 3066 gia
998 2967 1211 3057 fides,
1262 2993 1486 3066 neque
1527 2971 2030 3066 Imperatoria,
2089 2963 2632 3066 Principumque'
2671 2971 2815 3040 Im-

836 3065 1022 3164 perii
1068 3065 1479 3164 interposita
1530 3069 1911 3147 authoritas
1968 3070 2304 3162 revellere
2341 3087 2460 3141 aut
2513 3067 2818 3142 eximere

836 3161 1031 3263 posse
1061 3160 1402 3240 videatur.
2551 3227 2561 3232 -
2604 3232 2610 3236 .

828 3303 835 3309 -
944 3266 1228 3344 Recens
1270 3266 1500 3341 adhuc
1545 3263 1765 3342 exstat
1810 3267 2154 3342 memoria
2187 3264 2448 3366 plebeji
2492 3263 2614 3337 sub
2653 3265 2805 3339 Par-

842 3361 1059 3436 menfi
1092 3383 1325 3436 motus
1354 3364 1712 3440 PraefeEta
1734 3423 1753 3456 ‚
1803 3391 1966 3442 cum
1997 3367 2390 3464 Imaginum
2419 3361 2808 3438 demolitio·

842 3461 1048 3536 nibus
1085 3485 1214 3559 per
1244 3465 1452 3536 aedes
1483 3467 1725 3561 passim
1770 3467 1991 3540 sacras
2031 3464 2404 3562 graffatum
2457 3461 2599 3550 est,
2655 3487 2800 3558 pes-

844 3559 1021 3634 fimo
1072 3561 1399 3656 exemplo
1433 3616 1455 3651 ,
1532 3588 1691 3638 cum
1741 3583 2021 3659 praeter
2077 3561 2437 3660 religionis
2486 3560 2805 3656 injuriam

843 3657 1233 3756 authoritas
1278 3659 1557 3758 insuper
1583 3663 1817 3758 Regia
1849 3662 2400 3749 convelleretur3
2451 3657 2803 3732 muffanti-

846 3755 974 3829 bus
1006 3753 1303 3828 nimium
1333 3758 1421 3830 ad
1454 3759 1630 3832 haec
1665 3760 2078 3834 Proceribus
2109 3758 2186 3834 ἀ
2221 3757 2605 3832 Civitatum
2650 3761 2802 3830 Ma-

840 3849 1287 3950 gistratibuS,
1352 3857 1888 3954 quos-nascenti
1932 3857 2286 3954 crudoque
2341 3854 2570 3927 adhuc
2627 3855 2804 3928 malo

842 3950 1134 4026 obviam
1170 3951 1269 4023 ire
1304 3951 1627 4030 decebat.
1729 3955 1868 4029 Sed
1915 3981 2078 4030 cnm
2127 3952 2360 4052 regnis
2398 3951 2476 4026 ἃ
2519 3955 2801 4052 provin7

838 4047 964 4124 ciis
1022 4047 1262 4124 fatalia
1324 4050 1789 4163 impendent,
1867 4052 2260 4154 instantque
2337 4053 2803 4128 mutationum

972 4189 991 4200 ,
2191 4173 2200 4184 ·
2649 4173 2800 4224 mo-

801 4276 831 4308 N
