3017 5200
862 467 1032 547 154·
1251 447 1937 527 Cssrnxrs
2037 447 2543 523 Scan-rr

865 622 1188 707 stantiam
1234 642 1364 717 pro
1417 617 1562 692 fide
1612 567 2063 697 morientium
2094 618 2555 717 Judaeorum,
2592 623 2781 719 ipsum

861 725 1080 801 etiam
1118 718 1561 795 Antiochum
1595 717 1903 790 emollire
1938 774 1960 808 ‚
2008 718 2127 793 vel
2162 738 2575 797 convertere
2614 720 2692 793 ad
2718 724 2779 795 fi-

861 825 1027 897 dem
1065 814 1440 916 potuiffet‚
1461 812 1661 888 ficuti
1691 839 1816 912 per
1850 815 2104 891 Christi
2139 814 2493 893 ministros
2530 816 2602 895 ἃ
2630 843 2778 893 mar·

858 942 1053 1019 tyres
1096 914 1255 1013 post
1294 912 1559 1013 aliquot
1592 912 1818 989 secula
1870 914 1957 987 de
2004 914 2471 989 severioribus
2512 918 2784 1017 tyrannis

857 1010 1350 1111 triumphavit.
1450 1012 1555 1085 At
1575 1068 1597 1101 ,
1642 1011 1979 1111 quoniam
2010 1012 2371 1087 Dominus
2400 1036 2487 1086 eo
2518 1032 2789 1111 tempore

862 1115 1158 1189 deflerat
1206 1108 1765 1207 extraordinariis
1816 1109 1947 1185 illis
1982 1108 2061 1183 ἃ
2102 1110 2637 1190 evidentioribus
2676 1113 2783 1183 mi-

859 1212 1114 1288 raculis
1147 1206 1499 1285 robustam
1526 1210 1671 1306 jam
1699 1209 1945 1307 populi
1971 1208 2069 1281 sui
2098 1209 2315 1283 fidem
2348 1228 2785 1308 propugnare;

865 1332 1097 1407 neque
1140 1307 1615 1405 promiffiones
1666 1308 1785 1380 vel
1828 1307 2146 1404 exempla
2194 1326 2373 1385 tune
2448 1310 2777 1395 extabant,

771 1451 824 1507 0
913 1431 1044 1483 uae
1069 1424 1452 1502 martyrum
1477 1403 1819 1501 patientia
1850 1404 2243 1504 Religionis
2278 1406 2512 1484 hostes
2540 1406 2783 1484 tandem

901 1502 1169 1604 operari
1211 1502 1584 1592 docerent,
1634 1501 1728 1576 ad
1756 1524 1948 1577 arma
1992 1504 2233 1601 potius
2270 1504 2588 1581 conversi
2622 1502 2781 1591 sunt,

867 1604 948 1680 δε
968 1598 1194 1697 ,quod
1223 1598 1490 1676 viribus
1521 1599 1827 1696 ipsorum
1856 1598 2097 1675 deerat
2115 1658 2138 1692 ,
2174 1588 2573 1678 Dorffinum
2608 1624 2778 1698 pecu-

863 1698 1016 1777 liari
1063 1700 1187 1775 suo
1237 1698 1492 1779 auxilio
1536 1698 1607 1770 in
1662 1715 1811 1773 tam
1849 1699 2223 1775 neceffaria
2270 1724 2356 1775 ac
2408 1700 2584 1799 justa
2614 1698 2783 1775 causa

865 1801 1252 1875 clementer
1323 1794 1796 1893 suppleturum
1825 1852 1847 1887 ,
1914 1797 2033 1893 pie
2080 1794 2158 1871 dr
2206 1796 2391 1895 juste
2420 1856 2443 1890 ‚
2506 1798 2782 1897 quodque

864 1898 1096 1973 exitus
1141 1892 1386 1967 docuit
1423 1950 1446 1983 ,
1490 1893 1793 1969 feliciter
1839 1894 2309 1973 crediderunt.
2412 1898 2553 1976 Hi's
2598 1894 2785 1990 itaque

865 1994 1134 2071 casibus
1187 1992 1306 2071 vel
1354 1989 1833 2067 indubitatum
1898 1992 2026 2065 fibi
2094 1992 2441 2088 spondere
2510 1993 2787 2073 divinum

845 2088 1196 2189 ,auxilium
1217 2143 1241 2177 ,
1291 2109 1374 2167 ac
1423 2106 1679 2160 eontra
1721 2088 1911 2185 spem
1966 2087 2039 2161 in
2086 2088 2276 2185 spem
2332 2093 2668 2181 credere,
2708 2088 2787 2165 vel

860 2192 1132 2275 saltem,
1166 2208 1330 2259 cum
1364 2189 1549 2258 bona
1586 2185 1733 2281 ejus
1760 2185 1997 2259 auxilii
2032 2208 2179 2261 non
2204 2188 2515 2262 defuturi
2548 2185 2787 2274 fiducia,

867 2308 1062 2363 arma
1114 2284 1328 2356 etiam
1371 2282 1714 2357 debiliora
1765 2282 2051 2357 induere
2088 2339 2109 2372 ‚
2180 2304 2251 2359 at
2298 2287 2785 2383 quibuscunque

870 2410 1004 2462 nos
1052 2380 1362 2479 objicere
1411 2381 1739 2477 periculis
1771 2438 1793 2471 ,
1842 2383 1933 2453 ob
1988 2382 2223 2455 causae
2258 2423 2289 2473 ,·
2344 2406 2561 2480 quam
2628 2384 2783 2457 fove-

638 2520 651 2541 ·
769 2562 776 2575 ,
871 2509 1030 2561 mus
1059 2538 1082 2573 ,
1153 2478 1545 2555 bonitatem
1578 2535 1602 2569 ,
1666 2500 1809 2553 non
1860 2478 2331 2575 prohibemur.
2449 2480 2596 2555 Ubi
2657 2503 2783 2554 vero

871 2605 1099 2680 neque
1139 2576 1504 2678 peculiaris
1531 2578 1835 2652 habetur
1864 2575 2001 2650 Dei
2046 2578 2434 2668 revelatio,
2481 2603 2685 2678 neque
2710 2577 2781 2650 ita

759 2711 778 2738 ν
875 2677 1189 2780 pericula
1224 2701 1350 2750 nos
1378 2676 1674 2772 aggredi
1701 2693 2021 2772 oportet3
2070 2695 2151 2748 ut
2181 2677 2523 2771 praestare
2560 2675 2778 2776 judice-

871 2803 1030 2854 mus
1058 2777 1132 2849 in
1161 2796 1245 2846 ea
1285 2773 1643 2865 incidere,
1692 2796 1899 2872 quam
1930 2774 2037 2846 ab'
2058 2773 2151 2847 iis
2180 2775 2361 2848 bello
2408 2778 2523 2850 vel
2567 2776 2679 2854 alia
2702 2797 2782 2845 ra-

877 2879 1081 2951 tione
1115 2871 1599 2966 propulsandis
1649 2869 2039 2959 abstinere;
2088 2871 2567 2969 imprudenter
2594 2891 2779 2954 certe,

874 2975 952 3048 ni
978 2971 1174 3046 fallor
1194 3025 1215 3059 ,
1234 2965 1311 3042 ὅῐ
1348 2986 1618 3040 temere
1650 2967 1885 3041 auxilii
1910 2968 2133 3050 divini
2164 2971 2470 3064 fiducia,
2496 2969 2781 3068 optimam

879 3071 1095 3148 etiam
1123 3064 1398 3174 eausam
1451 3066 1991 3164 aggrederemur
2016 3122 2038 3153 ‚
2084 3067 2213 3142 nifi
2261 3071 2669 3167 conjecturae
2708 3088 2782 3142 ex

879 3171 1194 3255 viribus,
1243 3164 1490 3253 armis,
1540 3184 1751 3263 atque
1800 3163 1953 3242 aliis
1996 3166 2245 3240 nostris
2288 3167 2599 3244 humanis
2623 3185 2779 3263 praev

881 3268 1072 3345 fidiis
1097 3291 1182 3338 ac
1215 3263 1462 3336 mediis
1493 3263 1767 3360 petitae
1802 3317 1824 3351 ,
1872 3286 2043 3360 quae
2085 3265 2376 3339 felicem
2416 3267 2606 3348 nobis
2651 3283 2773 3336 con-

878 3367 1184 3456 filiorum
1223 3361 1623 3436 nostrorum
1675 3359 2097 3460 pollicentur
2140 3385 2523 3456 eventum,
2570 3363 2672 3440 vel
2682 3381 2775 3468 pa*

881 3490 996 3542 res
1037 3465 1218 3552 sint„
1287 3459 1400 3534 vel
1443 3455 1685 3534 saltem
1739 3459 1997 3556 exiguo
2038 3461 2423 3538 admodum
2478 3455 2785 3537 intervallo

843 3563 1256 3636 ‚debiliores
1305 3558 1394 3632 iis
1422 3615 1446 3649 ,
1505 3582 1683 3655 quae
1729 3556 2100 3632 tristiorem
2164 3559 2405 3636 casum
2460 3562 2782 3636 minantur.

882 3663 1129 3756 Itaque
1179 3655 1431 3732 Christi
1471 3678 1747 3754 quoque
1797 3655 2137 3732 sententia
2185 3659 2428 3734 Lucae
2460 3685 2608 3734 xxv,
2656 3676 2781 3753 pru·

884 3757 1124 3830 dentia
1154 3755 1376 3852 Regis
1410 3753 1585 3832 illius
1617 3753 2156 3831 Commendatur
2184 3812 2205 3847 ,
2258 3760 2381 3854 qui
2428 3755 2619 3832 miss‘a
2643 3755 2784 3848 lega-

888 3855 1094 3929 tione
1130 3875 1380 3966 pacem
1407 3855 1495 3926 ab
1515 3851 1714 3928 hoste
1750 3851 2141 3950 postulabat
2172 3855 2412 3954 ,quia‚
2433 3857 2566 3932 suis
2602 3849 2670 3927 ὅ(
2694 3847 2781 3920 ad·

890 3950 1523 4072 versariisviribus
1576 3951 1759 4034 inter
1807 3950 1879 4026 se
1925 3951 2237 4048 collatis,
2283 3953 2432 4037 suas
2472 3951 2784 4120 inferioxffs

911 4099 920 4108 ·
2598 4067 2605 4072 ·
2680 4067 2711 4120 e
2751 4061 2782 4116 e
