3017 5200
571 496 1170 581 Dianoeas
1271 512 1406 607 ιιι
1503 496 1823 573 Paeti
2090 508 2233 593 185

259 673 670 759 Catholicae
729 668 1123 768 Religionis
1189 668 1486 743 exitium
1521 724 1543 756 ‚
1610 666 1689 748 δι
1742 669 1873 745 alia
1917 668 2233 751 secutura

269 774 684 851 atrociffima
737 768 1194 849 incommoda
1231 822 1254 855 ,
1317 767 1366 841 fi
1405 825 1426 857 ,
1491 768 1679 863 quod
1727 767 1901 845 abfit
1934 768 2095 856 ,fin
2143 793 2233 843 eo

269 876 464 959 Deus
507 869 712 944 nobis
761 891 906 941 non
957 866 1325 963 largiretur
1349 866 1783 943 Victoriam.
1882 868 2013 955 Et,
2068 867 2231 963 quia

268 969 494 1052 omnis
527 968 600 1041 in
621 991 722 1039 -eo
754 966 877 1043 fita
923 963 1023 1037 est
1057 964 1571 1053 controversia,
1626 982 1851 1037 utrum
1880 964 2079 1059 supra
2112 988 2231 1061 pa·-

267 1092 422 1143 cem
465 1064 920 1157 ,Gaudensem
973 1062 1232 1157 aliquid
1281 1083 1639 1157 praeterea
1688 1061 2093 1147 adversariis
2143 1064 2237 1143 fit.

265 1163 845 1253 concedendum,
901 1160 1134 1235 causas
1167 1160 1382 1235 etiam
1420 1160 1569 1235 illas
1617 1160 1893 1249 audivi,
1954 1164 2233 1255 quae-in

265 1286 410 1343 tam
446 1261 654 1356 dubia
699 1258 1108 1355 &ancipiti
1143 1258 1370 1345 nostra
1400 1258 1731 1347 νὶἇὶοτίει,
1784 1256 1877 1337 ἀς
1899 1274 2043 1329 tam
2075 1283 2231 1354 gra-

259 1364 472 1437 vibus
526 1350 1186 1447 tristioriseventu‘s
1222 1356 1615 1451 periculis,
1636 1354 1832 1466 poffe
1861 1379 1989 1432 nos
2022 1359 2237 1433 etiam

257 1459 524 1558 aliquid
553 1456 653 1531 illi
694 1457 1000 1553 adjicere
1047 1453 1352 1529 libertati
1389 1511 1414 1545 ,
1469 1453 1755 1537 eviclss‘e
1780 1452 1957 1529 mihi
1986 1454 2236 1539 viden..

259 1580 398 1636 tur.
505 1555 823 1631 Intellexi
870 1553 1058 1629 enim
1089 1610 1110 1641 ,
1181 1578 1410 1649 quam·
1447 1553 1786 1649 exiguum
1846 1552 1929 1641 fit
1963 1610 1985 1643 ‚
2050 1551 2237 1638 inter

256 1678 627 1755 utramque
685 1654 1082 1729 libertatem
1120 1707 1142 1740 ‚
1193 1674 1338 1735 tam
1391 1650 1480 1723 in·
1520 1675 1597 1725 re
1646 1650 1795 1747 ipsa
1827 1692 1865 1738 ,·
1902 1675 2113 1747 quam
2159 1653 2236 1737 in

249 1756 500 1853 scopo,
531 1753 656 1852 qui
682 1750 880 1825 nobis
908 1751 983 1823 in
1018 1751 1482 1849 hocne-gotio
1519 1744 1963 1847 proponitur,
1988 1750 2231 1823 discri-

258 1879 454 1930 men.
549 1850 912 1939 Intellexi,
963 1873 1106 1923 non
1140 1847 1276 1931 effe
1304 1872 1527 1947 prope
1558 1846 2017 1923 dubitandum
2037 1905 2061 1939 „
2080 1873 2233 1924 rem

264 1952 556 2025 tandem
577 1972 692 2039 eo,
711 1971 848 2045 quo
867 1944 1207 2021 haeretici
1229 1950 1478 2023 volunt
1493 2004 1523 2039 ,
1536 1946 1899 2021 evasuram
1918 2003 1938 2037 ,
1962 1947 2233 2027 tametfi

261 2050 474 2131 nobis
513 2048 688 2120 haec
721 2045 904 2142 ipsa,
956 2068 1132 2142 quae
1179 2048 1265 2121 ab
1304 2045 1462 2143 ipsis
1506 2043 1962 2143 postulamus,
2011 2046 2243 2121 serva-

264 2168 460 2223 turos
505 2148 576 2219 se
619 2144 850 2217 sancte
895 2142 1410 2239 pollicerentur.
1511 2142 1691 2219 Vidi
1735 2143 1991 2233 etiam,
2045 2143 2241 2241 quod

249 2244 636 2345 praecipue
673 2265 792 2317 me
843 2261 1256 2323 commovet
1283 2299 1306 2332 ,
1356 2244 1557 2338 hujus
1597 2240 1801 2331 belli,
1853 2242 2041 2339 quod
2082 2244 2237 2315 cito
2340 2268 2344 2273 ·

257 2344 450 2423 finiri
491 2340 783 2439 nequit,
832 2364 991 2415 eam
1033 2339 1172 2413 effe
1220 2358 1545 2414 naturam
1579 2394 1600 2427 ,
1650 2356 1733 2411 ut·
1762 2338 2034 2413 necess'e
2066 2363 2235 2437 pro«,

253 2468 348 2541 pe
382 2442 508 2525 sit,
558 2440 606 2515 si
648 2440 792 2513 Pax
828 2438 1199 2513 differatur
1239 2492 1259 2523 ,
1312 2436 1829 2513 haereticorum
1862 2460 2240 2526 numerum

251 2557 602 2638 perpetuo
661 2534 952 2634 augeri,
1036 2532 1694 2633 catholicorumque
1784 2534 2235 2634 Religionem

253 2638 578 2738 quotidie
639 2633 861 2733 magis
922 2659 1006 2708 ac
1073 2633 1300 2732 magis
1369 2634 1733 2734 opprimi3
1800 2655 2007 2731 atque
2066 2635 2235 2711 ideo

251 2739 523 2836 ipsam,
574 2758 782 2832 quam
825 2731 1038 2808 tantis
1067 2731 1450 2830 sumptibus
1499 2732 1577 2808 &
1602 2731 1931 2829 periculis
1975 2734 2233 2808 bellan-
2328 2737 2337 2742 “

252 2839 350 2916 do
389 2835 822 2934 quaerimus,
862 2831 1285 2922 utilitatem,
1334 2831 1934 2930 adquaerendam
1992 2832 2237 2930 potius

227 2935 470 3032 'atque
497 2933 1027 3018 accelerandam
1074 2933 1374 3020 Pacem,
1434 2955 1568 3012 nos
1616 2929 1977 3026 impellere
2018 2952 2235 3030 atque

251 3034 699 3108 inflammare
727 3031 1004 3105 debere.
1107 3029 1464 3104 Postremo
1491 3086 1513 3120 ,
1568 3027 1788 3104 oculis
1822 3055 2094 3128 quoque
2122 3033 2235 3106 in·-

253 3133 481 3206 tuitus
546 3129 724 3204 mihi
780 3129 916 3202 ess'e
970 3127 1218 3204 videor
1251 3185 1272 3218 ,
1350 3125 1529 3224 quae
1583 3126 1897 3212 nostram
1962 3153 2243 3226 quoque

256 3229 640 3304 victoriam
675 3227 1112 3308 circumdant
1147 3225 1224 3314 ὅ(
1255 3226 1725 3313 comitantur,
1761 3245 1911 3300 tam
1946 3228 2235 3302 calami·-

252 3349 492 3412 tatum
537 3349 744 3423 quarn
774 3325 1105 3398 scelerum
1145 3325 1463 3420 agmina:
1531 3326 2030 3422 quamobrem,
2076 3346 2235 3402 tum

255 3445 558 3526 propter
595 3424 1040 3496 inamabilem
1088 3423 1269 3496 hanc
1303 3421 1647 3506 victoriae
1687 3422 2031 3519 speciem,
2082 3443 2238 3509 tum

257 3527 420 3626 quia
467 3547 552 3597 ea
581 3522 733 3619 ipsa
765 3521 1088 3600 Victoria
1121 3540 1317 3604 tanto
1363 3519 1705 3616 opinione
1736 3521 2077 3611 minorem
2098 3581 2117 3614 ,
2141 3524 2233 3598 ad

263 3645 412 3695 eam
451 3679 474 3712 ,
543 3646 751 3718 quam
835 3619 1230 3718 quaerimus
1264 3671 1288 3707 ,
1369 3619 1775 3696 Catholicae
1829 3619 2237 3719 Religionis

261 3719 812 3818 restitutionem,
881 3720 1166 3804 allatura
1211 3717 1956 3808 videtur-utilitatem,
2016 3713 2237 3796 allatis

265 3839 310 3900 a
356 3835 426 3888 te
485 3843 615 3916 pro
663 3821 844 3892 Pace
884 3815 1312 3914 argumentis
1353 3815 1583 3899 minus
1627 3840 2019 3916 repugnare,
2122 3845 2231 3894 os-

257 3915 440 4002 sum·
541 3915 673 4002 His.
713 3917 949 4025 itaque
995 3915 1084 3992 de
1142 3913 1359 4092 cati&
1408 3938 1449 3987 a
1489 3934 1563 3990 te
1594 3917 1943 4016 persuasus
1958 3972 1983 4010 ,
2036 3845 2116 4003 (ξ
2149 3919 2243 4007 in,

1202 4067 1206 4074 ·
1259 4091 1270 4098 .
1319 4093 1324 4098 .
1384 4036 1430 4114 5
1894 4083 1899 4088 .
2032 4035 2231 4097 tuam
