<?xml version="1.0" encoding="UTF-8"?>
<!DOCTYPE html PUBLIC "-//W3C//DTD XHTML 1.0 Transitional//EN"
    "http://www.w3.org/TR/xhtml1/DTD/xhtml1-transitional.dtd">
<html xmlns="http://www.w3.org/1999/xhtml" xml:lang="en" lang="en">
 <head>
  <title>
</title>
<meta http-equiv="Content-Type" content="text/html;charset=utf-8" />
  <meta name='ocr-system' content='tesseract 3.04.00' />
  <meta name='ocr-capabilities' content='ocr_page ocr_carea ocr_par ocr_line ocrx_word'/>
</head>
<body>
  <div class='ocr_page' id='page_1' title='image "analectorvmbelg00graegoog_0181.png"; bbox 0 0 3017 5200; ppageno 0'>
   <div class='ocr_carea' id='block_1_1' title="bbox 540 526 2228 650">
    <p class='ocr_par' dir='ltr' id='par_1_1' title="bbox 540 526 2228 650">
     <span class='ocr_line' id='line_1_1' title="bbox 540 526 2228 650; baseline 0.001 -45"><span class='ocrx_word' id='word_1_1' title='bbox 540 526 1107 628; x_wconf 54' lang='lat' dir='ltr'><strong>junonum.</strong></span> <span class='ocrx_word' id='word_1_2' title='bbox 1157 548 1251 601; x_wconf 75' lang='lat' dir='ltr'><strong>m·</strong></span> <span class='ocrx_word' id='word_1_3' title='bbox 1302 526 1498 650; x_wconf 63' lang='grc' dir='ltr'><strong>ΟΜ»ἶ</strong></span> <span class='ocrx_word' id='word_1_4' title='bbox 1552 528 1956 605; x_wconf 69' lang='grc' dir='ltr'><strong>Βεισισοςὲ</strong></span> <span class='ocrx_word' id='word_1_5' title='bbox 2135 554 2228 629; x_wconf 77' lang='lat'><strong>13</strong></span> 
     </span>
    </p>
   </div>
   <div class='ocr_carea' id='block_1_2' title="bbox 164 700 2305 2574">
    <p class='ocr_par' dir='ltr' id='par_1_2' title="bbox 246 700 2305 1291">
     <span class='ocr_line' id='line_1_2' title="bbox 305 700 2224 800; baseline 0.001 -21"><span class='ocrx_word' id='word_1_6' title='bbox 305 702 581 779; x_wconf 87' lang='lat' dir='ltr'><strong>ecuniae</strong></span> <span class='ocrx_word' id='word_1_7' title='bbox 611 702 843 799; x_wconf 86' lang='lat' dir='ltr'><strong>inopia</strong></span> <span class='ocrx_word' id='word_1_8' title='bbox 873 700 1111 777; x_wconf 89' lang='lat' dir='ltr'><strong>sedare</strong></span> <span class='ocrx_word' id='word_1_9' title='bbox 1149 726 1291 777; x_wconf 91' lang='lat' dir='ltr'><strong>non</strong></span> <span class='ocrx_word' id='word_1_10' title='bbox 1342 703 1586 800; x_wconf 90' lang='lat' dir='ltr'><strong>potuit</strong></span> <span class='ocrx_word' id='word_1_11' title='bbox 1605 760 1627 795; x_wconf 85' lang='lat'>‚</span> <span class='ocrx_word' id='word_1_12' title='bbox 1675 724 2005 779; x_wconf 89' lang='lat' dir='ltr'><strong>moerore</strong></span> <span class='ocrx_word' id='word_1_13' title='bbox 2049 726 2224 781; x_wconf 87' lang='lat' dir='ltr'><strong>con-</strong></span> 
     </span>
     <span class='ocr_line' id='line_1_3' title="bbox 250 728 2228 891; baseline -0.001 -12"><span class='ocrx_word' id='word_1_14' title='bbox 250 728 473 879; x_wconf 50' lang='lat' dir='ltr'><strong>{ecius</strong></span> <span class='ocrx_word' id='word_1_15' title='bbox 504 814 549 891; x_wconf 86' lang='grc'><strong>,·</strong></span> <span class='ocrx_word' id='word_1_16' title='bbox 593 803 873 875; x_wconf 87' lang='lat' dir='ltr'><strong>tandem</strong></span> <span class='ocrx_word' id='word_1_17' title='bbox 921 800 1216 887; x_wconf 83' lang='lat' dir='ltr'>durante</span> <span class='ocrx_word' id='word_1_18' title='bbox 1268 801 1626 874; x_wconf 86' lang='lat' dir='ltr'><strong>Zirizaeae</strong></span> <span class='ocrx_word' id='word_1_19' title='bbox 1662 801 2026 879; x_wconf 84' lang='lat' dir='ltr'><strong>obfidione</strong></span> <span class='ocrx_word' id='word_1_20' title='bbox 2051 807 2228 878; x_wconf 83' lang='lat' dir='ltr'><strong>Bru-</strong></span> 
     </span>
     <span class='ocr_line' id='line_1_4' title="bbox 262 898 2305 979; baseline 0.001 -3"><span class='ocrx_word' id='word_1_21' title='bbox 262 904 451 976; x_wconf 86' lang='lat' dir='ltr'><strong>xellis</strong></span> <span class='ocrx_word' id='word_1_22' title='bbox 495 898 567 971; x_wconf 90' lang='lat' dir='ltr'><strong>in</strong></span> <span class='ocrx_word' id='word_1_23' title='bbox 615 898 760 973; x_wconf 88' lang='lat' dir='ltr'><strong>fata</strong></span> <span class='ocrx_word' id='word_1_24' title='bbox 806 900 1141 973; x_wconf 91' lang='lat' dir='ltr'><strong>concedit</strong></span> <span class='ocrx_word' id='word_1_25' title='bbox 1185 899 1406 975; x_wconf 91' lang='lat' dir='ltr'><strong>tertio</strong></span> <span class='ocrx_word' id='word_1_26' title='bbox 1463 900 1718 976; x_wconf 85' lang='lat' dir='ltr'><strong>Nonas</strong></span> <span class='ocrx_word' id='word_1_27' title='bbox 1753 900 2004 975; x_wconf 87' lang='lat' dir='ltr'><strong>Martii</strong></span> <span class='ocrx_word' id='word_1_28' title='bbox 2051 899 2222 979; x_wconf 78' lang='lat' dir='ltr'><strong>anni</strong></span> <span class='ocrx_word' id='word_1_29' title='bbox 2290 956 2305 969; x_wconf 79' lang='lat'>-</span> 
     </span>
     <span class='ocr_line' id='line_1_5' title="bbox 252 998 2224 1100; baseline 0 -25"><span class='ocrx_word' id='word_1_30' title='bbox 252 1000 571 1075; x_wconf 84' lang='lat' dir='ltr'>LXXVI.</span> <span class='ocrx_word' id='word_1_31' title='bbox 673 1000 851 1073; x_wconf 90' lang='lat' dir='ltr'><strong>Cum</strong></span> <span class='ocrx_word' id='word_1_32' title='bbox 914 999 1064 1095; x_wconf 90' lang='lat' dir='ltr'><strong>jam</strong></span> <span class='ocrx_word' id='word_1_33' title='bbox 1116 999 1437 1095; x_wconf 89' lang='lat' dir='ltr'><strong>Belgium</strong></span> <span class='ocrx_word' id='word_1_34' title='bbox 1490 1016 1651 1072; x_wconf 91' lang='lat' dir='ltr'><strong>toto</strong></span> <span class='ocrx_word' id='word_1_35' title='bbox 1700 998 2043 1074; x_wconf 90' lang='lat' dir='ltr'><strong>decennio</strong></span> <span class='ocrx_word' id='word_1_36' title='bbox 2094 1022 2224 1100; x_wconf 85' lang='lat' dir='ltr'><strong>per</strong></span> 
     </span>
     <span class='ocr_line' id='line_1_6' title="bbox 254 1094 2223 1194; baseline 0.002 -22"><span class='ocrx_word' id='word_1_37' title='bbox 254 1118 363 1172; x_wconf 87' lang='lat' dir='ltr'><strong>tot</strong></span> <span class='ocrx_word' id='word_1_38' title='bbox 392 1096 820 1176; x_wconf 83' lang='lat' dir='ltr'><strong>calamitates</strong></span> <span class='ocrx_word' id='word_1_39' title='bbox 860 1100 947 1169; x_wconf 85' lang='lat' dir='ltr'><strong>ab</strong></span> <span class='ocrx_word' id='word_1_40' title='bbox 985 1096 1373 1172; x_wconf 88' lang='lat' dir='ltr'><strong>invidenda</strong></span> <span class='ocrx_word' id='word_1_41' title='bbox 1410 1094 1788 1194; x_wconf 86' lang='lat' dir='ltr'><strong>illustrique</strong></span> <span class='ocrx_word' id='word_1_42' title='bbox 1842 1098 1958 1171; x_wconf 90' lang='lat' dir='ltr'><strong>illa</strong></span> <span class='ocrx_word' id='word_1_43' title='bbox 1999 1098 2223 1175; x_wconf 85' lang='lat' dir='ltr'><strong>fortu-</strong></span> 
     </span>
     <span class='ocr_line' id='line_1_7' title="bbox 246 1192 2034 1291; baseline 0 -20"><span class='ocrx_word' id='word_1_44' title='bbox 246 1218 331 1271; x_wconf 88' lang='lat' dir='ltr'><strong>na</strong></span> <span class='ocrx_word' id='word_1_45' title='bbox 355 1194 443 1267; x_wconf 87' lang='lat' dir='ltr'><strong>ad</strong></span> <span class='ocrx_word' id='word_1_46' title='bbox 486 1215 892 1269; x_wconf 79' lang='lat' dir='ltr'><strong>extremam</strong></span> <span class='ocrx_word' id='word_1_47' title='bbox 926 1193 1417 1281; x_wconf 80' lang='lat' dir='ltr'><strong>infelicitatem</strong></span> <span class='ocrx_word' id='word_1_48' title='bbox 1462 1193 1814 1291; x_wconf 67' lang='lat' dir='ltr'><strong>dejectum</strong></span> <span class='ocrx_word' id='word_1_49' title='bbox 1843 1192 2034 1272; x_wconf 81' lang='lat' dir='ltr'><strong>efl&#39;et.</strong></span> 
     </span>
    </p>

    <p class='ocr_par' dir='ltr' id='par_1_3' title="bbox 164 1290 2246 2574">
     <span class='ocr_line' id='line_1_8' title="bbox 332 1290 2228 1389; baseline 0.002 -22"><span class='ocrx_word' id='word_1_50' title='bbox 332 1290 645 1367; x_wconf 88' lang='lat' dir='ltr'><strong>Ordines</strong></span> <span class='ocrx_word' id='word_1_51' title='bbox 681 1312 921 1367; x_wconf 88' lang='lat' dir='ltr'><strong>autem</strong></span> <span class='ocrx_word' id='word_1_52' title='bbox 974 1293 1237 1367; x_wconf 90' lang='lat' dir='ltr'><strong>interea</strong></span> <span class='ocrx_word' id='word_1_53' title='bbox 1286 1292 1461 1389; x_wconf 80' lang='lat' dir='ltr'><strong>nihil</strong></span> <span class='ocrx_word' id='word_1_54' title='bbox 1516 1294 2228 1389; x_wconf 78' lang='lat' dir='ltr'><strong>praetermittentes,&#39;</strong></span> 
     </span>
     <span class='ocr_line' id='line_1_9' title="bbox 237 1390 2225 1491; baseline 0.002 -26"><span class='ocrx_word' id='word_1_55' title='bbox 237 1390 413 1491; x_wconf 84' lang='lat' dir='ltr'><strong>quod</strong></span> <span class='ocrx_word' id='word_1_56' title='bbox 464 1391 571 1465; x_wconf 91' lang='lat' dir='ltr'><strong>ad</strong></span> <span class='ocrx_word' id='word_1_57' title='bbox 618 1390 1183 1467; x_wconf 86' lang='lat' dir='ltr'><strong>conservandum</strong></span> <span class='ocrx_word' id='word_1_58' title='bbox 1240 1391 1709 1489; x_wconf 81' lang='lat' dir='ltr'><strong>Reipublicae</strong></span> <span class='ocrx_word' id='word_1_59' title='bbox 1747 1390 2007 1466; x_wconf 90' lang='lat' dir='ltr'><strong>statum</strong></span> <span class='ocrx_word' id='word_1_60' title='bbox 2051 1404 2225 1470; x_wconf 85' lang='lat' dir='ltr'><strong>c&#39;on-</strong></span> 
     </span>
     <span class='ocr_line' id='line_1_10' title="bbox 164 1482 2231 1588; baseline 0.001 -23"><span class='ocrx_word' id='word_1_61' title='bbox 164 1547 173 1551; x_wconf 79' lang='lat'><strong>·</strong></span> <span class='ocrx_word' id='word_1_62' title='bbox 238 1490 555 1565; x_wconf 83' lang='lat' dir='ltr'><strong>ducibile</strong></span> <span class='ocrx_word' id='word_1_63' title='bbox 613 1482 1152 1583; x_wconf 84' lang='lat' dir='ltr'><strong>existimarent3</strong></span> <span class='ocrx_word' id='word_1_64' title='bbox 1215 1488 1611 1566; x_wconf 86' lang='lat' dir='ltr'><strong>Concilium</strong></span> <span class='ocrx_word' id='word_1_65' title='bbox 1648 1547 1671 1581; x_wconf 89' lang='lat'>‚</span> <span class='ocrx_word' id='word_1_66' title='bbox 1737 1490 1925 1588; x_wconf 90' lang='lat' dir='ltr'><strong>quod</strong></span> <span class='ocrx_word' id='word_1_67' title='bbox 1987 1494 2231 1567; x_wconf 78' lang='lat' dir='ltr'><strong>Status</strong></span> 
     </span>
     <span class='ocr_line' id='line_1_11' title="bbox 238 1588 2229 1691; baseline 0.001 -28"><span class='ocrx_word' id='word_1_68' title='bbox 238 1602 498 1663; x_wconf 85' lang='lat' dir='ltr'><strong>vocant</strong></span> <span class='ocrx_word' id='word_1_69' title='bbox 525 1643 552 1679; x_wconf 88' lang='lat'>‚</span> <span class='ocrx_word' id='word_1_70' title='bbox 604 1590 719 1663; x_wconf 89' lang='lat' dir='ltr'><strong>cui</strong></span> <span class='ocrx_word' id='word_1_71' title='bbox 768 1592 928 1691; x_wconf 66' lang='lat' dir='ltr'><strong>Rex</strong></span> <span class='ocrx_word' id='word_1_72' title='bbox 971 1589 1406 1686; x_wconf 85' lang='lat' dir='ltr'><strong>gubernandi</strong></span> <span class='ocrx_word' id='word_1_73' title='bbox 1454 1588 1960 1663; x_wconf 85' lang='lat' dir='ltr'><strong>authoritatem</strong></span> <span class='ocrx_word' id='word_1_74' title='bbox 2015 1590 2229 1665; x_wconf 87' lang='lat' dir='ltr'><strong>intel·-</strong></span> 
     </span>
     <span class='ocr_line' id='line_1_12' title="bbox 238 1686 2229 1785; baseline -0.001 -23"><span class='ocrx_word' id='word_1_75' title='bbox 238 1687 414 1763; x_wconf 66' lang='lat' dir='ltr'><strong>lec&#39;to</strong></span> <span class='ocrx_word' id='word_1_76' title='bbox 452 1686 921 1785; x_wconf 84' lang='lat' dir='ltr'><strong>Requesentii</strong></span> <span class='ocrx_word' id='word_1_77' title='bbox 976 1690 1178 1762; x_wconf 90' lang='lat' dir='ltr'><strong>obitu</strong></span> <span class='ocrx_word' id='word_1_78' title='bbox 1211 1686 1652 1763; x_wconf 81' lang='lat' dir='ltr'><strong>concefferat</strong></span> <span class='ocrx_word' id='word_1_79' title='bbox 1683 1744 1706 1778; x_wconf 91' lang='lat'>‚</span> <span class='ocrx_word' id='word_1_80' title='bbox 1779 1686 2001 1785; x_wconf 88' lang='lat' dir='ltr'><strong>Regis</strong></span> <span class='ocrx_word' id='word_1_81' title='bbox 2056 1690 2229 1763; x_wconf 67' lang='lat' dir='ltr'><strong>loco⁴</strong></span> 
     </span>
     <span class='ocr_line' id='line_1_13' title="bbox 238 1784 2226 1885; baseline 0.002 -26"><span class='ocrx_word' id='word_1_82' title='bbox 238 1786 573 1862; x_wconf 80' lang='lat' dir='ltr'><strong>habuere.</strong></span> <span class='ocrx_word' id='word_1_83' title='bbox 670 1812 836 1861; x_wconf 86' lang='lat' dir='ltr'><strong>orro</strong></span> <span class='ocrx_word' id='word_1_84' title='bbox 868 1784 1200 1885; x_wconf 84' lang='lat' dir='ltr'><strong>&amp;ipsum</strong></span> <span class='ocrx_word' id='word_1_85' title='bbox 1238 1791 1522 1885; x_wconf 85' lang='lat' dir='ltr'><strong>Regem</strong></span> <span class='ocrx_word' id='word_1_86' title='bbox 1558 1784 2038 1885; x_wconf 85' lang='lat' dir='ltr'><strong>frequentibus</strong></span> <span class='ocrx_word' id='word_1_87' title='bbox 2060 1810 2226 1885; x_wconf 86' lang='lat' dir='ltr'><strong>pro-</strong></span> 
     </span>
     <span class='ocr_line' id='line_1_14' title="bbox 232 1882 2224 1983; baseline 0.001 -25"><span class='ocrx_word' id='word_1_88' title='bbox 232 1882 653 1959; x_wconf 81' lang='lat' dir='ltr'><strong>&#39;testationib</strong></span> <span class='ocrx_word' id='word_1_89' title='bbox 704 1912 733 1959; x_wconf 91' lang='lat' dir='ltr'><strong>s</strong></span> <span class='ocrx_word' id='word_1_90' title='bbox 802 1886 1345 1983; x_wconf 87' lang='lat' dir='ltr'><strong>interpellabant</strong></span> <span class='ocrx_word' id='word_1_91' title='bbox 1372 1942 1393 1977; x_wconf 93' lang='lat'><strong>,</strong></span> <span class='ocrx_word' id='word_1_92' title='bbox 1470 1904 1552 1959; x_wconf 89' lang='lat' dir='ltr'><strong>ut</strong></span> <span class='ocrx_word' id='word_1_93' title='bbox 1610 1886 1701 1959; x_wconf 87' lang='lat' dir='ltr'><strong>ad</strong></span> <span class='ocrx_word' id='word_1_94' title='bbox 1771 1886 2224 1961; x_wconf 87' lang='lat' dir='ltr'><strong>clementiam</strong></span> 
     </span>
     <span class='ocr_line' id='line_1_15' title="bbox 234 1982 2230 2083; baseline 0.002 -28"><span class='ocrx_word' id='word_1_95' title='bbox 234 1984 770 2081; x_wconf 79' lang='lat' dir='ltr'><strong>bonitatemque</strong></span> <span class='ocrx_word' id='word_1_96' title='bbox 816 2007 1077 2083; x_wconf 87' lang='lat' dir='ltr'><strong>pronus</strong></span> <span class='ocrx_word' id='word_1_97' title='bbox 1108 2042 1131 2076; x_wconf 85' lang='lat'>‚</span> <span class='ocrx_word' id='word_1_98' title='bbox 1194 1984 1536 2079; x_wconf 17' lang='lat' dir='ltr'><strong>‘honestas</strong></span> <span class='ocrx_word' id='word_1_99' title='bbox 1590 1982 1936 2083; x_wconf 87' lang='lat' dir='ltr'><strong>justasque</strong></span> <span class='ocrx_word' id='word_1_100' title='bbox 1985 1985 2230 2059; x_wconf 89' lang='lat' dir='ltr'><strong>conci-</strong></span> 
     </span>
     <span class='ocr_line' id='line_1_16' title="bbox 235 2080 2227 2162; baseline 0.003 -8"><span class='ocrx_word' id='word_1_101' title='bbox 235 2081 458 2155; x_wconf 88' lang='lat' dir='ltr'><strong>liandi</strong></span> <span class='ocrx_word' id='word_1_102' title='bbox 489 2082 801 2158; x_wconf 89' lang='lat' dir='ltr'><strong>rationes</strong></span> <span class='ocrx_word' id='word_1_103' title='bbox 854 2084 1229 2159; x_wconf 83' lang='lat' dir='ltr'><strong>admittere</strong></span> <span class='ocrx_word' id='word_1_104' title='bbox 1280 2080 1511 2162; x_wconf 88' lang='lat' dir='ltr'><strong>vellet.</strong></span> <span class='ocrx_word' id='word_1_105' title='bbox 1613 2086 1744 2159; x_wconf 37' lang='lat' dir='ltr'><strong>Ita,</strong></span> <span class='ocrx_word' id='word_1_106' title='bbox 1770 2104 1850 2162; x_wconf 84' lang='lat' dir='ltr'><strong>ut</strong></span> <span class='ocrx_word' id='word_1_107' title='bbox 1881 2082 2227 2159; x_wconf 81' lang='lat' dir='ltr'><strong>credibile</strong></span> 
     </span>
     <span class='ocr_line' id='line_1_17' title="bbox 242 2176 2225 2283; baseline 0.004 -31"><span class='ocrx_word' id='word_1_108' title='bbox 242 2176 327 2252; x_wconf 86' lang='lat' dir='ltr'><strong>fit</strong></span> <span class='ocrx_word' id='word_1_109' title='bbox 375 2182 626 2254; x_wconf 89' lang='lat' dir='ltr'><strong>latenti</strong></span> <span class='ocrx_word' id='word_1_110' title='bbox 674 2181 751 2258; x_wconf 75' lang='grc' dir='ltr'>ἀ</span> <span class='ocrx_word' id='word_1_111' title='bbox 811 2182 1213 2257; x_wconf 88' lang='lat' dir='ltr'><strong>inevitabili</strong></span> <span class='ocrx_word' id='word_1_112' title='bbox 1275 2186 1580 2283; x_wconf 86' lang='lat' dir='ltr'><strong>quodam</strong></span> <span class='ocrx_word' id='word_1_113' title='bbox 1647 2183 1802 2259; x_wconf 91' lang='lat' dir='ltr'><strong>fato</strong></span> <span class='ocrx_word' id='word_1_114' title='bbox 1861 2182 2225 2280; x_wconf 88' lang='lat' dir='ltr'><strong>Belgicam</strong></span> 
     </span>
     <span class='ocr_line' id='line_1_18' title="bbox 239 2279 2246 2381; baseline 0.003 -31"><span class='ocrx_word' id='word_1_115' title='bbox 239 2280 455 2353; x_wconf 89' lang='lat' dir='ltr'><strong>tantis</strong></span> <span class='ocrx_word' id='word_1_116' title='bbox 492 2279 883 2356; x_wconf 65' lang='lat' dir='ltr'><strong>faaionum</strong></span> <span class='ocrx_word' id='word_1_117' title='bbox 910 2282 1235 2381; x_wconf 90' lang='lat' dir='ltr'><strong>procellis</strong></span> <span class='ocrx_word' id='word_1_118' title='bbox 1271 2284 1655 2381; x_wconf 86' lang='lat' dir='ltr'><strong>agitatam:</strong></span> <span class='ocrx_word' id='word_1_119' title='bbox 1705 2302 1912 2379; x_wconf 89' lang='lat' dir='ltr'><strong>atque</strong></span> <span class='ocrx_word' id='word_1_120' title='bbox 1953 2281 2246 2357; x_wconf 85' lang='lat' dir='ltr'><strong>utinam</strong></span> 
     </span>
     <span class='ocr_line' id='line_1_19' title="bbox 239 2374 2230 2479; baseline 0.002 -29"><span class='ocrx_word' id='word_1_121' title='bbox 239 2374 579 2454; x_wconf 70' lang='lat' dir='ltr'><strong>hactenus</strong></span> <span class='ocrx_word' id='word_1_122' title='bbox 639 2382 1014 2479; x_wconf 88' lang='lat' dir='ltr'><strong>tempestas</strong></span> <span class='ocrx_word' id='word_1_123' title='bbox 1093 2405 1177 2455; x_wconf 90' lang='lat' dir='ltr'><strong>ea</strong></span> <span class='ocrx_word' id='word_1_124' title='bbox 1235 2375 1748 2472; x_wconf 75' lang='lat' dir='ltr'><strong>deferbuisset!</strong></span> <span class='ocrx_word' id='word_1_125' title='bbox 1831 2378 2230 2453; x_wconf 86' lang='lat' dir='ltr'><strong>Enimvero</strong></span> 
     </span>
     <span class='ocr_line' id='line_1_20' title="bbox 240 2476 2229 2574; baseline 0.001 -25"><span class='ocrx_word' id='word_1_126' title='bbox 240 2495 577 2574; x_wconf 88' lang='lat' dir='ltr'><strong>tanquam</strong></span> <span class='ocrx_word' id='word_1_127' title='bbox 623 2480 792 2552; x_wconf 90' lang='lat' dir='ltr'><strong>nulli</strong></span> <span class='ocrx_word' id='word_1_128' title='bbox 847 2498 1060 2553; x_wconf 88' lang='lat' dir='ltr'><strong>antea</strong></span> <span class='ocrx_word' id='word_1_129' title='bbox 1121 2498 1359 2551; x_wconf 88' lang='lat' dir='ltr'><strong>motus</strong></span> <span class='ocrx_word' id='word_1_130' title='bbox 1406 2533 1429 2567; x_wconf 87' lang='lat'>‚</span> <span class='ocrx_word' id='word_1_131' title='bbox 1531 2478 1722 2548; x_wconf 89' lang='lat' dir='ltr'><strong>nulla</strong></span> <span class='ocrx_word' id='word_1_132' title='bbox 1769 2476 2229 2551; x_wconf 80' lang='lat' dir='ltr'><strong>incommoda</strong></span> 
     </span>
    </p>
   </div>
   <div class='ocr_carea' id='block_1_3' title="bbox 57 2554 2232 2686">
    <p class='ocr_par' dir='ltr' id='par_1_4' title="bbox 57 2554 2232 2686">
     <span class='ocr_line' id='line_1_21' title="bbox 57 2554 2232 2686; baseline -0.003 -32"><span class='ocrx_word' id='word_1_133' title='bbox 57 2554 60 2569; x_wconf 36' lang='grc' dir='ltr'>ι</span> <span class='ocrx_word' id='word_1_134' title='bbox 154 2582 160 2589; x_wconf 85' lang='grc'><em>“</em></span> <span class='ocrx_word' id='word_1_135' title='bbox 237 2578 697 2686; x_wconf 76' lang='lat' dir='ltr'><strong>provmciam</strong></span> <span class='ocrx_word' id='word_1_136' title='bbox 731 2574 1175 2664; x_wconf 72' lang='lat' dir='ltr'><strong>afflixissent,</strong></span> <span class='ocrx_word' id='word_1_137' title='bbox 1230 2572 1762 2649; x_wconf 87' lang='lat' dir='ltr'><strong>continuatione</strong></span> <span class='ocrx_word' id='word_1_138' title='bbox 1808 2595 1892 2646; x_wconf 90' lang='lat' dir='ltr'><strong>ea</strong></span> <span class='ocrx_word' id='word_1_139' title='bbox 1938 2571 2232 2649; x_wconf 85' lang='lat' dir='ltr'><strong>seditio-</strong></span> 
     </span>
    </p>
   </div>
   <div class='ocr_carea' id='block_1_4' title="bbox 168 2671 2324 4270">
    <p class='ocr_par' dir='ltr' id='par_1_5' title="bbox 168 2671 2324 4270">
     <span class='ocr_line' id='line_1_22' title="bbox 240 2671 2232 2774; baseline 0.003 -30"><span class='ocrx_word' id='word_1_140' title='bbox 240 2698 354 2746; x_wconf 89' lang='lat' dir='ltr'><strong>ms</strong></span> <span class='ocrx_word' id='word_1_141' title='bbox 376 2731 399 2760; x_wconf 77' lang='grc'>,</span> <span class='ocrx_word' id='word_1_142' title='bbox 452 2674 687 2749; x_wconf 85' lang='lat' dir='ltr'><strong>statim</strong></span> <span class='ocrx_word' id='word_1_143' title='bbox 716 2700 759 2751; x_wconf 87' lang='lat' dir='ltr'><strong>a</strong></span> <span class='ocrx_word' id='word_1_144' title='bbox 800 2673 1251 2774; x_wconf 89' lang='lat' dir='ltr'><strong>Requesentii</strong></span> <span class='ocrx_word' id='word_1_145' title='bbox 1287 2675 1495 2748; x_wconf 90' lang='lat' dir='ltr'><strong>obitu</strong></span> <span class='ocrx_word' id='word_1_146' title='bbox 1540 2671 2018 2749; x_wconf 82' lang='lat' dir='ltr'><strong>miserabiliter</strong></span> <span class='ocrx_word' id='word_1_147' title='bbox 2051 2691 2232 2748; x_wconf 81' lang='lat' dir='ltr'><strong>con-</strong></span> 
     </span>
     <span class='ocr_line' id='line_1_23' title="bbox 239 2769 2324 2860; baseline 0.002 -14"><span class='ocrx_word' id='word_1_148' title='bbox 239 2772 439 2846; x_wconf 89' lang='lat' dir='ltr'><strong>vulsa</strong></span> <span class='ocrx_word' id='word_1_149' title='bbox 470 2774 565 2848; x_wconf 76' lang='lat' dir='ltr'><strong>&lt;Sc</strong></span> <span class='ocrx_word' id='word_1_150' title='bbox 584 2775 979 2848; x_wconf 88' lang='lat' dir='ltr'><strong>dilacerata</strong></span> <span class='ocrx_word' id='word_1_151' title='bbox 1006 2771 1127 2860; x_wconf 86' lang='lat' dir='ltr'><strong>est.</strong></span> <span class='ocrx_word' id='word_1_152' title='bbox 1340 2831 1349 2839; x_wconf 78' lang='lat'><strong>·</strong></span> <span class='ocrx_word' id='word_1_153' title='bbox 1869 2847 1878 2856; x_wconf 81' lang='grc'>,</span> <span class='ocrx_word' id='word_1_154' title='bbox 2315 2769 2324 2778; x_wconf 66' lang='grc'><em>’</em></span> 
     </span>
     <span class='ocr_line' id='line_1_24' title="bbox 337 2864 2231 2972; baseline 0.002 -28"><span class='ocrx_word' id='word_1_155' title='bbox 337 2871 747 2970; x_wconf 87' lang='lat' dir='ltr'><strong>Intelligens</strong></span> <span class='ocrx_word' id='word_1_156' title='bbox 776 2897 948 2947; x_wconf 86' lang='lat' dir='ltr'><strong>vero</strong></span> <span class='ocrx_word' id='word_1_157' title='bbox 963 2875 1125 2947; x_wconf 82' lang='lat' dir='ltr'><strong>Rex</strong></span> <span class='ocrx_word' id='word_1_158' title='bbox 1144 2930 1166 2964; x_wconf 86' lang='lat'>,</span> <span class='ocrx_word' id='word_1_159' title='bbox 1192 2894 1340 2948; x_wconf 89' lang='lat' dir='ltr'><strong>non</strong></span> <span class='ocrx_word' id='word_1_160' title='bbox 1357 2873 1553 2972; x_wconf 73' lang='lat' dir='ltr'><strong>poss&#39;e</strong></span> <span class='ocrx_word' id='word_1_161' title='bbox 1582 2895 1710 2970; x_wconf 92' lang='lat' dir='ltr'><strong>per</strong></span> <span class='ocrx_word' id='word_1_162' title='bbox 1739 2864 2231 2970; x_wconf 81' lang='lat' dir='ltr'><strong>interregnum-</strong></span> 
     </span>
     <span class='ocr_line' id='line_1_25' title="bbox 241 2969 2243 3071; baseline 0 -28"><span class='ocrx_word' id='word_1_163' title='bbox 241 2969 364 3044; x_wconf 91' lang='lat' dir='ltr'><strong>diu</strong></span> <span class='ocrx_word' id='word_1_164' title='bbox 410 2972 728 3045; x_wconf 87' lang='lat' dir='ltr'><strong>constare</strong></span> <span class='ocrx_word' id='word_1_165' title='bbox 788 2972 1201 3070; x_wconf 83' lang='lat' dir='ltr'><strong>imperium,</strong></span> <span class='ocrx_word' id='word_1_166' title='bbox 1250 2997 1399 3047; x_wconf 90' lang='lat' dir='ltr'><strong>non</strong></span> <span class='ocrx_word' id='word_1_167' title='bbox 1450 2971 2034 3071; x_wconf 88' lang='lat' dir='ltr'><strong>supersedendum</strong></span> <span class='ocrx_word' id='word_1_168' title='bbox 2091 2972 2243 3068; x_wconf 86' lang='lat' dir='ltr'><strong>du·-</strong></span> 
     </span>
     <span class='ocr_line' id='line_1_26' title="bbox 236 3068 2218 3172; baseline 0.001 -31"><span class='ocrx_word' id='word_1_169' title='bbox 236 3068 389 3160; x_wconf 64' lang='lat' dir='ltr'><strong>xit3</strong></span> <span class='ocrx_word' id='word_1_170' title='bbox 442 3070 608 3168; x_wconf 90' lang='lat' dir='ltr'><strong>quin</strong></span> <span class='ocrx_word' id='word_1_171' title='bbox 646 3095 770 3162; x_wconf 87' lang='lat' dir='ltr'><strong>ea,</strong></span> <span class='ocrx_word' id='word_1_172' title='bbox 819 3073 1157 3170; x_wconf 72' lang='lat' dir='ltr'><strong>quaejam</strong></span> <span class='ocrx_word' id='word_1_173' title='bbox 1190 3072 1468 3172; x_wconf 88' lang='lat' dir='ltr'><strong>pridem</strong></span> <span class='ocrx_word' id='word_1_174' title='bbox 1509 3072 1600 3144; x_wconf 90' lang='lat' dir='ltr'><strong>ad</strong></span> <span class='ocrx_word' id='word_1_175' title='bbox 1629 3071 1873 3170; x_wconf 85' lang='lat' dir='ltr'><strong>Belgas</strong></span> <span class='ocrx_word' id='word_1_176' title='bbox 1919 3069 2218 3144; x_wconf 87' lang='lat' dir='ltr'><strong>ditionis</strong></span> 
     </span>
     <span class='ocr_line' id='line_1_27' title="bbox 239 3165 2217 3272; baseline 0.001 -32"><span class='ocrx_word' id='word_1_177' title='bbox 239 3167 406 3240; x_wconf 91' lang='lat' dir='ltr'><strong>suae</strong></span> <span class='ocrx_word' id='word_1_178' title='bbox 441 3169 765 3244; x_wconf 88' lang='lat' dir='ltr'><strong>homines</strong></span> <span class='ocrx_word' id='word_1_179' title='bbox 798 3171 1199 3272; x_wconf 69' lang='lat' dir='ltr'><strong>pacandos»,</strong></span> <span class='ocrx_word' id='word_1_180' title='bbox 1228 3171 1328 3265; x_wconf 18' lang='lat' dir='ltr'><strong>f&amp;</strong></span> <span class='ocrx_word' id='word_1_181' title='bbox 1373 3169 1709 3270; x_wconf 88' lang='lat' dir='ltr'><strong>pristinae</strong></span> <span class='ocrx_word' id='word_1_182' title='bbox 1763 3191 1930 3242; x_wconf 90' lang='lat' dir='ltr'><strong>cum</strong></span> <span class='ocrx_word' id='word_1_183' title='bbox 1959 3165 2217 3242; x_wconf 90' lang='lat' dir='ltr'><strong>securi·</strong></span> 
     </span>
     <span class='ocr_line' id='line_1_28' title="bbox 176 3263 2222 3366; baseline 0.002 -28"><span class='ocrx_word' id='word_1_184' title='bbox 176 3263 183 3271; x_wconf 82' lang='grc'><em>’</em></span> <span class='ocrx_word' id='word_1_185' title='bbox 234 3265 367 3338; x_wconf 88' lang='lat' dir='ltr'><strong>tati</strong></span> <span class='ocrx_word' id='word_1_186' title='bbox 422 3286 574 3339; x_wconf 90' lang='lat' dir='ltr'><strong>tum</strong></span> <span class='ocrx_word' id='word_1_187' title='bbox 610 3269 1093 3366; x_wconf 84' lang='lat' dir='ltr'><strong>tranquillitati</strong></span> <span class='ocrx_word' id='word_1_188' title='bbox 1136 3268 1603 3342; x_wconf 86' lang='lat' dir='ltr'><strong>restituendos</strong></span> <span class='ocrx_word' id='word_1_189' title='bbox 1645 3265 1724 3339; x_wconf 92' lang='lat' dir='ltr'><strong>in</strong></span> <span class='ocrx_word' id='word_1_190' title='bbox 1767 3265 2005 3339; x_wconf 91' lang='lat' dir='ltr'><strong>animo</strong></span> <span class='ocrx_word' id='word_1_191' title='bbox 2049 3289 2222 3342; x_wconf 87' lang='lat' dir='ltr'><strong>con·</strong></span> 
     </span>
     <span class='ocr_line' id='line_1_29' title="bbox 240 3364 2219 3462; baseline 0 -24"><span class='ocrx_word' id='word_1_192' title='bbox 240 3385 571 3462; x_wconf 85' lang='lat' dir='ltr'><strong>ceperat,</strong></span> <span class='ocrx_word' id='word_1_193' title='bbox 621 3367 763 3439; x_wconf 88' lang='lat' dir='ltr'><strong>fine</strong></span> <span class='ocrx_word' id='word_1_194' title='bbox 797 3364 1246 3442; x_wconf 62' lang='lat' dir='ltr'><strong>cunetatione</strong></span> <span class='ocrx_word' id='word_1_195' title='bbox 1277 3366 1685 3440; x_wconf 90' lang='lat' dir='ltr'><strong>conficeret.</strong></span> <span class='ocrx_word' id='word_1_196' title='bbox 1783 3365 2102 3441; x_wconf 85' lang='lat' dir='ltr'><strong>Evocato</strong></span> <span class='ocrx_word' id='word_1_197' title='bbox 2139 3364 2219 3438; x_wconf 88' lang='lat' dir='ltr'><strong>in</strong></span> 
     </span>
     <span class='ocr_line' id='line_1_30' title="bbox 237 3460 2219 3562; baseline 0.001 -28"><span class='ocrx_word' id='word_1_198' title='bbox 237 3463 379 3537; x_wconf 87' lang='lat' dir='ltr'><strong>hoc</strong></span> <span class='ocrx_word' id='word_1_199' title='bbox 430 3464 875 3540; x_wconf 88' lang='lat' dir='ltr'><strong>Sereniflimo</strong></span> <span class='ocrx_word' id='word_1_200' title='bbox 928 3460 1197 3562; x_wconf 84' lang='lat' dir='ltr'><strong>Joanne</strong></span> <span class='ocrx_word' id='word_1_201' title='bbox 1242 3463 1608 3539; x_wconf 86' lang='lat' dir='ltr'><strong>Austriaco</strong></span> <span class='ocrx_word' id='word_1_202' title='bbox 1651 3518 1672 3553; x_wconf 93' lang='lat'><strong>,</strong></span> <span class='ocrx_word' id='word_1_203' title='bbox 1739 3487 1948 3560; x_wconf 90' lang='lat' dir='ltr'><strong>quem</strong></span> <span class='ocrx_word' id='word_1_204' title='bbox 1987 3461 2061 3538; x_wconf 90' lang='lat' dir='ltr'><strong>in</strong></span> <span class='ocrx_word' id='word_1_205' title='bbox 2097 3463 2219 3536; x_wconf 90' lang='lat' dir='ltr'><strong>de-</strong></span> 
     </span>
     <span class='ocr_line' id='line_1_31' title="bbox 238 3561 2222 3660; baseline 0.002 -29"><span class='ocrx_word' id='word_1_206' title='bbox 238 3563 502 3636; x_wconf 84' lang='lat' dir='ltr'><strong>mortui</strong></span> <span class='ocrx_word' id='word_1_207' title='bbox 554 3563 793 3638; x_wconf 88' lang='lat' dir='ltr'><strong>locum</strong></span> <span class='ocrx_word' id='word_1_208' title='bbox 870 3562 1091 3660; x_wconf 87' lang='lat' dir='ltr'><strong>Belgii</strong></span> <span class='ocrx_word' id='word_1_209' title='bbox 1154 3563 1714 3638; x_wconf 87' lang='lat' dir='ltr'><strong>Gubernatorem</strong></span> <span class='ocrx_word' id='word_1_210' title='bbox 1769 3561 2152 3635; x_wconf 86' lang='lat' dir='ltr'><strong>destinarat</strong></span> <span class='ocrx_word' id='word_1_211' title='bbox 2189 3619 2222 3655; x_wconf 79' lang='lat'>,</span> 
     </span>
     <span class='ocr_line' id='line_1_32' title="bbox 246 3655 2214 3758; baseline 0.001 -27"><span class='ocrx_word' id='word_1_212' title='bbox 246 3655 324 3730; x_wconf 73' lang='grc' dir='ltr'><strong>δι</strong></span> <span class='ocrx_word' id='word_1_213' title='bbox 356 3685 493 3755; x_wconf 89' lang='lat' dir='ltr'><strong>quo</strong></span> <span class='ocrx_word' id='word_1_214' title='bbox 528 3661 1103 3737; x_wconf 86' lang='lat' dir='ltr'><strong>benevolentiam</strong></span> <span class='ocrx_word' id='word_1_215' title='bbox 1136 3661 1235 3736; x_wconf 93' lang='lat' dir='ltr'><strong>illi</strong></span> <span class='ocrx_word' id='word_1_216' title='bbox 1264 3661 1455 3758; x_wconf 89' lang='lat' dir='ltr'><strong>apud</strong></span> <span class='ocrx_word' id='word_1_217' title='bbox 1494 3661 1651 3734; x_wconf 88' lang='lat' dir='ltr'><strong>suos</strong></span> <span class='ocrx_word' id='word_1_218' title='bbox 1678 3659 2214 3751; x_wconf 86' lang='lat' dir='ltr'><strong>authoritatem-</strong></span> 
     </span>
     <span class='ocr_line' id='line_1_33' title="bbox 252 3756 2218 3858; baseline 0.004 -32"><span class='ocrx_word' id='word_1_219' title='bbox 252 3777 383 3848; x_wconf 89' lang='lat' dir='ltr'><strong>que</strong></span> <span class='ocrx_word' id='word_1_220' title='bbox 438 3761 848 3834; x_wconf 90' lang='lat' dir='ltr'><strong>conciliaret</strong></span> <span class='ocrx_word' id='word_1_221' title='bbox 879 3817 900 3850; x_wconf 87' lang='lat'><strong>,</strong></span> <span class='ocrx_word' id='word_1_222' title='bbox 978 3783 1124 3850; x_wconf 86' lang='lat' dir='ltr'><strong>non</strong></span> <span class='ocrx_word' id='word_1_223' title='bbox 1170 3759 1297 3834; x_wconf 90' lang='lat' dir='ltr'><strong>nis1</strong></span> <span class='ocrx_word' id='word_1_224' title='bbox 1353 3759 1445 3832; x_wconf 93' lang='lat' dir='ltr'><strong>de</strong></span> <span class='ocrx_word' id='word_1_225' title='bbox 1505 3756 1830 3833; x_wconf 89' lang='lat' dir='ltr'><strong>instituto</strong></span> <span class='ocrx_word' id='word_1_226' title='bbox 1863 3816 1886 3850; x_wconf 88' lang='lat'><strong>,</strong></span> <span class='ocrx_word' id='word_1_227' title='bbox 1959 3757 2218 3858; x_wconf 88' lang='lat' dir='ltr'><strong>suaque</strong></span> 
     </span>
     <span class='ocr_line' id='line_1_34' title="bbox 250 3857 2225 3956; baseline 0.004 -32"><span class='ocrx_word' id='word_1_228' title='bbox 250 3873 488 3926; x_wconf 91' lang='lat' dir='ltr'><strong>mente</strong></span> <span class='ocrx_word' id='word_1_229' title='bbox 509 3859 813 3954; x_wconf 87' lang='lat' dir='ltr'><strong>plenarie</strong></span> <span class='ocrx_word' id='word_1_230' title='bbox 842 3859 1171 3933; x_wconf 64' lang='lat' dir='ltr'><strong>edoetum</strong></span> <span class='ocrx_word' id='word_1_231' title='bbox 1202 3857 1564 3932; x_wconf 90' lang='lat' dir='ltr'><strong>dimittere</strong></span> <span class='ocrx_word' id='word_1_232' title='bbox 1595 3858 1989 3956; x_wconf 87' lang='lat' dir='ltr'><strong>cogitabat:</strong></span> <span class='ocrx_word' id='word_1_233' title='bbox 2042 3859 2225 3941; x_wconf 71' lang='lat' dir='ltr'><strong>dum,</strong></span> 
     </span>
     <span class='ocr_line' id='line_1_35' title="bbox 190 3949 2210 4059; baseline 0.002 -35"><span class='ocrx_word' id='word_1_234' title='bbox 190 3959 196 3965; x_wconf 83' lang='lat'>&#39;</span> <span class='ocrx_word' id='word_1_235' title='bbox 252 3949 543 4026; x_wconf 89' lang='lat' dir='ltr'><strong>interim</strong></span> <span class='ocrx_word' id='word_1_236' title='bbox 572 3955 741 4046; x_wconf 65' lang='lat' dir='ltr'><strong>dieti</strong></span> <span class='ocrx_word' id='word_1_237' title='bbox 771 3957 991 4058; x_wconf 84' lang='lat' dir='ltr'><strong>Regii</strong></span> <span class='ocrx_word' id='word_1_238' title='bbox 1010 3955 1441 4059; x_wconf 84' lang='lat' dir='ltr'><strong>Megistanes</strong></span> <span class='ocrx_word' id='word_1_239' title='bbox 1468 3956 2018 4058; x_wconf 86' lang='lat' dir='ltr'><strong>Rempublicam</strong></span> <span class='ocrx_word' id='word_1_240' title='bbox 2045 3980 2210 4054; x_wconf 87' lang='lat' dir='ltr'><strong>pro-</strong></span> 
     </span>
     <span class='ocr_line' id='line_1_36' title="bbox 168 4069 1897 4137; baseline 0.009 -16"><span class='ocrx_word' id='word_1_241' title='bbox 168 4119 179 4133; x_wconf 81' lang='lat'><em>,</em></span> <span class='ocrx_word' id='word_1_242' title='bbox 243 4071 601 4128; x_wconf 85' lang='lat' dir='ltr'><strong>curarent.</strong></span> <span class='ocrx_word' id='word_1_243' title='bbox 1444 4069 1450 4076; x_wconf 86' lang='lat'>&#39;</span> <span class='ocrx_word' id='word_1_244' title='bbox 1894 4133 1897 4137; x_wconf 84' lang='lat'>.</span> 
     </span>
     <span class='ocr_line' id='line_1_37' title="bbox 638 4154 2219 4270; baseline 0.002 -45"><span class='ocrx_word' id='word_1_245' title='bbox 638 4183 641 4192; x_wconf 96' lang='lat'>·</span> <span class='ocrx_word' id='word_1_246' title='bbox 2044 4154 2219 4270; x_wconf 59' lang='grc' dir='ltr'><strong>ξοπ-</strong></span> 
     </span>
    </p>
   </div>
  </div>
 </body>
</html>
