3017 5200
638 478 1245 578 banosus
1340 514 1477 569 nr.
1575 490 1893 571 Pic'iz:
2159 500 2297 596 1'23

209 696 217 701 ’
338 698 582 753 carere
610 674 828 747 velint
860 669 1447 747 conscientiarum
1487 668 1760 743 suarum
1792 725 1813 761 ,
1866 686 1946 743 ut
1988 688 2301 766 vocant,
2349 728 2362 735 -

344 778 689 853 libertate.
786 773 985 847 Nam
1016 796 1155 869 quo
1190 770 1401 867 pacilo
1430 764 1712 845 tandem
1745 768 1818 842 id
1849 792 2036 843 nunc
2072 770 2298 867 impe·-
2353 840 2362 849 ,

341 893 635 949 traturos
666 870 931 967 sperem
939 893 1017 942 us
1037 925 1059 959 ‚
1078 868 1265 965 quod
1285 926 1308 959 ‚
1320 886 1441 941 tot
1462 864 1890 941 Civitatibus
1905 866 1983 942 ἃ
1998 870 2306 943 Arcibus

250 1003 253 1013 ¹
338 992 503 1047 ante
533 969 896 1043 biennium
938 965 1015 1039 in
1063 986 1186 1039 tua
1211 1020 1233 1054 ,
1300 988 1491 1039 nunc
1531 962 1604 1035 in
1629 962 1933 1039 hostium
1963 962 2310 1061 potestate

342 1067 839 1156 existentibus,
882 1088 1027 1137 non
1057 1064 1296 1160 potuit
1330 1067 1417 1137 ab
1456 1062 1839 1137 Ordinibus
1865 1065 2002 1135 ulla
2032 1065 2306 1139 ratione

342 1165 796 1263 extorqueri?
842 1160 990 1237 Etsi
1030 1181 1267 1236 autem
1305 1158 1666 1255 Principes
1713 1159 1824 1233 isti
1867 1161 2306 1259 intelligunt3

334 1270 536 1367 juxta
568 1261 850 1362 imperii
890 1262 1121 1358 leges,
1176 1282 1401 1357 neque
1428 1258 1720 1332 subditis
1761 1258 1913 1332 ullis
1945 1262 2306 1355 publicum

341 1362 673 1463 permitti
721 1360 979 1435 debere
1042 1359 1327 1455 alicujus
1388 1354 1752 1451 religionis
1840 1356 2252 1431 exercitium
2283 1413 2310 1446 ‚

342 1481 831 1562 praeterquam
862 1459 1007 1555 ejus
1028 1511 1049 1546 ,
1081 1479 1258 1554 quae
1285 1453 1615 1553 legitimo
1648 1453 1948 1551 ipsorum
1999 1454 2314 1552 Principi

346 1563 465 1635 vel
512 1554 966 1655 Magistratui
1016 1556 1407 1652 probetur3
1456 1576 1684 1651 neque
1729 1551 1934 1625 aliam
1982 1554 2192 1628 ullam
2235 1556 2315 1627 in

348 1658 730 1735 Germania
784 1653 1058 1729 tolerari
1104 1652 1518 1749 religionem
1560 1667 1837 1747 praeter
1873 1651 2318 1726 Catholicam

349 1753 953 1851 &Augustanamz
976 1754 1123 1825 non
1154 1750 1321 1825 ideo
1339 1773 1574 1823 tamen
1593 1749 1727 1822 illis
1758 1748 1828 1820 se
1849 1750 2120 1847 legibus
2148 1776 2314 1848 pro-

350 1854 590 1930 hiberi
618 1870 917 1949 putant,
964 1874 1105 1948 quo
1149 1849 1381 1924 minus
1425 1849 1612 1923 hanc
1663 1848 1843 1921 inter
1863 1848 2316 1947 Majestatem
2401 1870 2421 1891 ·

356 1974 557 2027 tuam
596 2006 617 2039 ,
670 1948 747 2023 ἃ
787 1948 1095 2028 subditos
1140 1965 1310 2021 tuos
1346 2003 1371 2039 ‚
1410 1950 1573 2045 plus
1619 1968 1826 2043 quam
1873 1948 2142 2045 legibus
2187 1948 2322 2023 illis

358 2046 793 2149 permittitur
820 2104 843 2138 ,
911 2046 1282 2143 exigentes
1314 2099 1336 2133 ,
1396 2068 1651 2143 pacem
1723 2045 1878 2122 aliis
1933 2045 2322 2122 rationibus

356 2164 805 2243 componam·
902 2144 1099 2218 Nam
1146 2142 1223 2217 &
1273 2143 1430 2239 illae
1470 2144 1660 2242 ipsae
1708 2144 1994 2243 Imperii
2042 2146 2163 2221 sub
2211 2145 2321 2219 in-

355 2244 737 2323 viGtiffimis
794 2242 1340 2341 Imperatoribus
1390 2245 1593 2317 Patre
1634 2296 1656 2330 ‚
1720 2240 1800 2317 &
1846 2246 2101 2317 Patruo
2147 2264 2322 2335 tun,

356 2346 446 2421 de
492 2340 1043 2433 Protestantibus
1086 2363 1215 2437 per
1254 2338 1704 2415 Germaniam
1750 2338 2282 2415 constitutiones
2302 2397 2326 2432 ‚

360 2440 719 2519 veterib‘us
772 2438 982 2535 ipfius
1024 2436 1314 2533 imperii
1362 2456 1571 2534 atque
1615 2436 1936 2511 omnium
1985 2438 2318 2514 christia-

360 2545 644 2619 norum'
663 2536 933 2637 legibus
982 2536 1213 2634 palam
1278 2534 1840 2614 adversabantur.·
1949 2538 2046 2622 Et
2079 2557 2326 2613 tamen

362 2667 571 2716 nemo
613 2659 917 2736 unquam
953 2634 1264 2724 exstitit,
1314 2633 1431 2732 qui
1466 2633 2064 2711 Christianiffimos
2099 2639 2334 2735 Impe-

309 2775 314 2788 ·
362 2761 629 2815 ratores
662 2734 738 2810 ἅ
773 2734 1177 2810 Catholicos
1226 2735 1331 2806 Im
1392 2732 1526 2807 erii
1580 2733 1884 2808 Ordines
1912 2793 1935 2827 ,
1982 2737 2099 2809 vel
2151 2760 2328 2809 con-

363 2837 733 2918 scientiam
779 2833 971 2909 suam
1009 2833 1295 2906 vulnera
1354 2856 1393 2904 e
1423 2887 1446 2923 ,
1497 2832 1612 2908 vel
1657 2835 1898 2908 Deum
1958 2834 2328 2910 offendiss'e

356 2935 666 3036 arguerit
694 2992 717 3026 ,
767 2931 958 3032 quod
996 2929 1503 3029 postulantibus
1543 2931 1760 3005 talem
1806 2931 2324 3034 indulgentiam

366 3033 797 3133 temporibus
852 3029 1248 3106 cedendum
1294 3027 1422 3103 fibi
1456 3027 1615 3103 ‘esse-
1657 3029 2010 3108 duxerint.
2124 3035 2327 3107 Prae·

368 3147 561 3209 ‘terea
612 3147 701 3206 n⁷e
745 3130 885 3204 hoc
922 3151 1201 3227 quoque
1250 3125 1325 3200 hi
1390 3127 1752 3224 Principes
1798 3129 2130 3227 ignorant
2170 3157 2192 3221 ;
2255 3131 2330 3206 se

374 3256 598 3329 neque
640 3255 679 3304 a
714 3227 1177 3317 calvinianis,
1209 3224 1329 3397 gui
1364 3224 1439 3298 in
1459 3227 1702 3322 Belgio
1727 3226 1931 3315 sunt,
1978 3225 2208 3327 neque
2239 3233 2331 3306 ab

378 3331 493 3421 iis,
515 3327 633 3427 qui
660 3327 907 3402 foedus
942 3349 1106 3400 cum
1130 3325 1203 3422 ip
1234 3350 1288 3397 1s
1321 3321 1626 3397 inierunt
1643 3325 2084 3418 3Catholicis,
2111 3330 2337 3406 veluti

366 3429 647 3528 judices
674 3423 1013 3524 quosdam
1050 3423 1347 3513 electos,
1383 3421 1504 3520 qui
1529 3421 1942 3498 sententiam
1985 3423 2173 3500 ferre
2211 3428 2334 3502 de-

377 3533 591 3602 beant
624 3583 646 3618 ‚
690 3519 959 3624 justene
1004 3546 1093 3596 an
1139 3522 1336 3596 secus
1378 3520 1638 3616 aliquid
1687 3522 1808 3596 fibi
1841 3524 2090 3620 Belgae
2124 3526 2340 3601 licere

377 3644 669 3723 putent,
722 3620 913 3722 quod
960 3619 1091 3696 illis
1132 3641 1479 3718 repugnet
1521 3619 2172 3717 constitutionibus3
2216 3627 2344 3703 sed

256 3777 262 3782 -
385 3743 462 3796 ut
515 3723 969 3798 arbitratores
1014 3739 1285 3795 tantum
1331 3719 1447 3794 vel
1488 3717 1978 3795 intercess‘ores
2013 3726 2340 3821 appella·
2405 3745 2410 3751 ’

387 3820 659 3919 tos‚qui
688 3817 947 3894 auditis
968 3816 1363 3915 Majestatis
1386 3819 1594 3894 Tuae
1621 3817 1696 3894 ὅ(
1729 3820 2078 3894 Ordinum
2103 3821 2338 3921 postu-

383 3919 539 3992 latis
567 3970 589 4007 ,
648 3919 863 3996 talem
912 3917 1273 3992 inveniant
1319 3915 1525 4014 atque
1577 3917 1880 4018 utrisque
1936 3939 2340 4018 proponant

378 4015 577 4114 pacis
608 4016 953 4101 rationem
972 4073 997 4110 ‚
1048 4039 1225 4116 quae
1274 4013 1552 4096 Funesta
1594 4017 1771 4094 haec
1803 4041 1996 4098 arma
2035 4019 2338 4120 aliquan-

514 4167 521 4172 ·
2252 4119 2346 4192 do
