3017 5200
733 507 886 601 '226
1089 492 1769 577 Css‘rsxrs
1874 476 2403 575 Sonzr'r

735 674 934 755 Laici
981 696 1185 771 quarn
1215 667 1732 757 Ecclesiastici‘,
1779 687 1925 741 tarn
1958 666 2263 769 pastores
2290 694 2496 770 quam
2528 682 2719 748 oves

734 770 1036 848 maxima
1093 770 1344 848 saltem
1403 790 1715 841 errorum
1793 766 2065 840 illorum
2131 788 2327 866 parte
2392 771 2709 844 infectos

731 868 934 946 fuiss‘e
967 868 1257 942 dubium
1305 888 1444 939 non
1483 863 1607 939 est.
1702 863 1771 939 si
1806 865 1983 938 haec
2016 890 2159 941 non
2212 866 2314 940 est
2348 870 2705 959 Ecclesia,

732 992 776 1041 a
803 966 990 1039 mille
1019 986 1296 1062 quoque
1325 961 1523 1035 annis
1568 961 1840 1035 ostendi
1882 986 2020 1037 non
2063 964 2295 1061 potuit
2348 968 2463 1039 vel
2510 966 2705 1042 Civi-

731 1082 842 1138 tas
887 1063 998 1137 illa
1046 1062 1244 1158 supra
1301 1080 1619 1137 montem
1669 1062 2007 1135 collocata
2038 1118 2058 1152 ,
2122 1064 2237 1135 vel
2290 1088 2491 1137 mons
2538 1066 2697 1153 ille,

731 1163 934 1259 cnjus
973 1158 1204 1233 Esaias
1245 1158 1569 1231 meminit
1603 1215 1624 1246 ‚
1682 1158 1756 1233 in
1804 1158 2075 1232 vertice
2118 1162 2462 1234 montium
2510 1162 2696 1257 ροῦ-

731 1276 888 1345 tus,
939 1256 1028 1331 ad
1059 1280 1267 1355 quem
1302 1253 1460 1330 alias
1491 1275 1741 1352 gentes
1760 1312 1783 1345 ‚
1826 1280 2075 1347 veram·
2100 1256 2324 1334 salutis
2365 1260 2702 1358 petituras

729 1355 1157 1446 (karinam,
1193 1354 1633 1429 confluxuras
1662 1352 1863 1427 fuiss'e
1904 1350 2243 1451 legimus:
2306 1357 2700 1455 fiprivato·

728 1478 887 1530 rum
917 1454 1228 1527 omnium
1262 1453 1338 1525 in
1387 1450 1768 1525 Christiana
1796 1453 2108 1527 ‘Ecclesia
2150 1454 2493 1549 judicium
2530 1454 2700 1529 sub,

725 1554 856 1651 jici
887 1572 1031 1628 non
1063 1550 1348 1623 deberet
1383 1606 1404 1639 ,
1455 1550 1822 1623 universali
1870 1550 2089 1623 totius
2134 1552 2483 1625 Ecclesiae
2522 1554 2703 1625 defi,-

730 1649 1032 1735 ustioni,
1079 1648 1327 1722 frustra
1359 1646 1566 1719 nobis
1597 1647 1941 1735 Ecclesia,
1995 1648 2122 1721 nifi
2162 1650 2235 1723 in
2286 1652 2699 1727 Publicano-

644 1782 647 1787 2
731 1771 885 1823 rum
917 1768 1212 1821 numero
1228 1744 1465 1821 haberi
1487 1744 1809 1833 velimus,
1838 1767 2386 1843 proponeretur,
2410 1750 2701 1822 audien·

728 1848 861 1923 da:
909 1843 1154 1918 frustra
1181 1842 1655 1917 nominaretur
1702 1844 2022 1917 columna
2060 1842 2136 1918 ἃ
2171 1843 2697 1921 firmamentum'

729 1942 1056 2017 veritatis
1091 1986 1134 2031 ‚.
1177 1941 1338 2039 quia
1389 1941 1621 2014 nullus
1678 1940 1751 2015 in
1800 1942 2141 2019 universo
2208 1946 2391 2017 orbe
2456 1966 2701 2019 coetus

728 2040 936 2129 effet,
983 2040 1178 2134 cujus
1219 2039 1703 2111 auftoritatem
1723 2095 1744 2128 ‚
1766 2038 1814 2111 fi
1846 2039 2087 2115 nostro
2118 2066 2395 2139 quoque
2420 2044 2695 2140 judicio

730 2139 1016 2211 decreta
1039 2136 1190 2231 ejus
1239 2158 1386 2209 nen
1429 2136 1906 2209 satisfacerent
1944 2192 1964 2225 ‚
2016 2138 2205 2250 sequi
2252 2162 2381 2213 nos
2410 2158 2691 2239 oporte·

730 2254 840 2310 ret
865 2232 1147 2310 :frustra
1179 2234 1502 2307 eumdem
1531 2234 1604 2307 in
1636 2234 1940 2309 Ecclesia
1976 2234 2143 2309 fide1
2178 2238 2525 2333 spiritum·
2548 2264 2688 2313 um-

633 2335 650 2385 ·.
727 2357 936 2433 quam
975 2331 1290 2407 futurum
1363 2331 1783 2429 speraremus
1820 2359 1836 2408 τ
1870 2364 1875 2369 ·
1904 2332 2149 2409 frustra
2214 2336 2519 2433 denique
2570 2362 2684 2437 per

727 2430 948 2507 totius
979 2428 1321 2505 Ecclesiae
1365 2430 1683 2527 Synodos
1731 2430 2120 2505 haeresibus
2162 2434 2431 2508 mederi
2466 2436 2691 2510 stude·

728 2552 1006 2618 rernm,
1052 2527 1100 2602 fi
1137 2544 1180 2602 a
1214 2529 1497 2626 Synodo
1542 2528 1834 2603 definita
1894 2529 2383 2626 imperitiffimi
2426 2558 2699 2634 quoque

705 2625 1154 2716 Christiani,
1219 2625 1292 2698 fi‘
1331 2627 1545 2698 modo
1601 2627 1801 2700 sacris
1863 2628 2077 2702 literis
2152 2634 2462 2706 consona
2538 2635 2698 2731 ipsis
2780 2679 2796 2686 -

729 2751 878 2802 non
911 2725 1314 2798 viderentur
1348 2779 1369 2812 ‚
1417 2723 1709 2820 rejicere
1746 2725 2031 2822 possent
2066 2785 2083 2812 ‚
2105 2734 2113 2742 ‘
2134 2751 2219 2801 ac
2261 2750 2694 2808 tenerentur.

731 2822 1073 2927 Quamvis
1157 2820 1376 2918 igitur
1453 2822 1915 2899 Protestantes
1988 2824 2114 2897 fibi
2190 2827 2691 2922 persuadeant,

729 2920 924 3020 poss'e
957 2919 1064 3009 se,
1116 2919 1496 2993 manifestis
1526 2919 1605 2994 dt
1646 2921 2023 3018 perspicuis
2072 2925 2461 3000 rationibus
2488 2984 2508 3016 ,
2560 2929 2689 3002 do-

730 3019 1028 3106 &tinam
1076 3016 1376 3090 nostram
1410 3017 1731 3098 falsitatis
1776 3021 2201 3096 convincere
2228 3079 2247 3110 ‚
2302 3025 2388 3096 in·
2412 3049 2549 3120 quo
2588 3047 2691 3099 ta·

730 3142 900 3195 men
951 3117 1342 3216 gravissime
1390 3116 1747 3206 falluntur,
1792 3117 2053 3192 summa
2092 3122 2535 3196 nihilominus
2570 3147 2689 3196 ae·-

733 3215 1004 3318 quitate
1039 3237 1202 3313 erga
1242 3215 1510 3298 nostros
1560 3215 1710 3303 uti,
1762 3239 1843 3302 ae
1892 3216 1983 3289 de
2034 3218 2247 3291 salute
2285 3224 2526 3302 eorum
2564 3225 2703 3295 be·-

734 3339 830 3392 :ne
856 3315 898 3387 s
937 3331 1170 3402 erare,
1195 3314 1585 3404 deberent:
1634 3338 1809 3410 quos
1844 3315 2033 3388 enim
2070 3336 2215 3389 tam
2266 3319 2589 3393 efficaces
2618 3322 2697 3396 δέ

729 3414 854 3490 illu
917 3436 1023 3486 res
1069 3413 1376 3486 ‘rationes
1409 3467 1432 3500 ‚
1499 3436 1785 3508 quarum
1834 3412 2193 3509 splendore
2224 3471 2244 3502 ‚
2298 3437 2375 3490 ut
2419 3417 2683 3515 ipfimet

719 3511 1102 3609 aliquando
1144 3509 1476 3583 testantur
1507 3523 1538 3600 ‚'
1590 3510 1865 3607 piorum
1944 3511 2020 3586 ἃ
2088 3513 2450 3589 ἀοὲὶοωῐη
2502 3517 2671 3590 oculi

731 3612 937 3706 saepe
967 3607 1400 3706 perstringun
1412 3626 1563 3697 tur,
1605 3609 1702 3682 'ad
1729 3609 1929 3682 aliam
1956 3611 2023 3682 se
2060 3602 2439 3686 Ecclesiam
2466 3635 2671 3690 trans·

729 3707 900 3786 ferri
931 3731 1069 3779 non
1104 3706 1513 3804 permittant
1541 3763 1562 3797 ,
1611 3726 1688 3778 ut
1714 3731 1873 3796 eos,
1916 3709 2186 3781 tametsi
2234 3714 2546 3808 graviter
2576 3738 2680 3787 er-

731 3825 969 3881 rantes
999 3859 1022 3892 ,
1067 3801 1272 3876 venia
1313 3803 1699 3900 judicemus
1749 3803 1933 3900 apud
1973 3808 2205 3880 Deum
2250 3809 2553 3906 dignos,
2600 3837 2689 3886 ae

615 3972 620 3978 .
731 3919 1028 3998 numero
1070 3899 1378 3978 filiorum
1419 3903 1567 3981 Dei
1604 3925 1746 3978 non
1794 3901 2008 3978 eximi
2036 3961 2060 3998 ‚
2105 3905 2285 3982 ratio
2338 3908 2433 4014 δι’
2452 3911 2695 4006 aequi*

2590 4028 2698 4096 ζῧᾶ
