3017 5200
466 585 473 591 ‚
534 494 652 595 10.
702 470 1497 599 Ausrnuc.,t·r‘01in.
1548 488 1941 599 Βειεῐεοςξ
2119 486 2222 583 89

242 672 798 754 simulationibus
832 724 855 759 ,
904 665 1474 741 aemulationibus
1510 720 1534 755 ,
1603 660 1680 740 &
1719 664 2002 739 demum
2053 664 2218 741 reli..

256 778 479 875 gione
519 768 863 845 discordes
902 786 1149 840 mutua
1197 762 1514 863 pernicie
1556 761 2045 859 exagitentur,
2094 782 2216 838 aut

254 874 479 952 etiam
512 895 553 943 a
586 871 789 965 Rege
822 865 1189 961 inopinata
1221 860 1634 959 tempestate
1661 860 1881 959 aliqua
1917 864 2216 937 obruan-

258 991 423 1055 tur,·
468 968 586 1065 qui
616 982 1248 1065 quantumcumque
1283 962 1355 1035 in
1386 982 1638 1056 pacem
1675 958 2045 1049 hactenus,
2097 961 2215 1035 vel

260 1094 393 1169 pro
434 1068 550 1140 sua
603 1062 977 1137 clementia
1021 1060 1135 1137 vel
1183 1057 1526 1156 temporis
1572 1056 1961 1131 conditioni
2004 1058 2216 1153 inser-

262 1168 515 1255 viens,
568 1160 924 1235 inclinarit
950 1216 972 1250 ‚
1024 1156 1232 1255 possit
1271 1176 1509 1231 tamen
1550 1178 1992 1253 quocumque
2031 1156 2218 1231 scru-

258 1266 425 1363 pulo
466 1257 769 1335 offensus
795 1256 1229 1361 propofitum
1257 1256 1834 1349 voluntatemque
1853 1254 2046 1327 suam
2067 1278 2218 1329 rur-
2297 1292 2304 1299 ·

257 1364 371 1439 sus
401 1364 815 1447 immutare3
867 1380 1067 1445 cum3
1117 1353 1167 1427 fi
1212 1374 1544 1450 umquam
1583 1350 1784 1442 alias,
1837 1352 2224 1428 verendum

256 1462 345 1537 fit
384 1482 575 1535 nunc
602 1512 623 1546 ,
670 1478 762 1527 ne
812 1453 911 1527 illi
952 1450 1244 1551 gerendi
1282 1449 1447 1525 belli
1489 1449 1762 1523 animus
1795 1453 2228 1546 accreverit,

254 1584 396 1649 e0,
443 1556 628 1656 quod
670 1550 825 1651 post
866 1552 1184 1639 ultimam,
1232 1550 1481 1645 quibus
1525 1570 1776 1646 pacem
1819 1548 2058 1639 dedit,
2105 1551 2220 1625 lit·

256 1677 493 1747 teras,
544 1652 789 1727 Indica
820 1648 1020 1731 classe
1046 1664 1191 1721 tres
1220 1647 1319 1723 illi
1353 1646 1640 1721 circiter
1677 1668 2050 1720 aureorum
2091 1672 2218 1725 nu-

212 1765 219 1771 ’
258 1778 463 1830 mum
506 1750 831 1825 miriades
893 1746 1229 1823 advectae
1270 1745 1403 1819 sint
1437 1772 1459 1836 3
1541 1763 1746 1843 atque
1791 1745 1969 1818 adeo
2020 1746 2222 1823 intel-

254 1852 522 1929 lexerit
550 1851 819 1924 interea
857 1846 1127 1921 arcium
1156 1846 1427 1917 suarum
1458 1843 1895 1940 Belgicarum
1930 1846 2222 1923 demoli-

262 1954 547 2038 tioneS,
598 1970 775 2043 quae
808 1966 898 2018 ne
932 1943 1283 2019 itritatum
1309 1944 1935 2039 exacerbatumque
1963 1943 2038 2017 in
2067 1946 2223 2023 sen·

260 2048 564 2123 tentiam
598 2041 923 2140 aptiore
944 2041 1291 2117 diversam
1338 2041 1688 2115 abducant
1710 2097 1731 2131 ‚
1779 2040 2222 2143 summopere

256 2142 723 2223 metuendum
768 2138 961 2231 effe3
1023 2162 1255 2236 neque
1288 2139 1654 2215 defuturos
1697 2139 1770 2213 in
1816 2141 2224 2240 HispaniiS,

250 2244 380 2343 qui
427 2244 602 2329 haec
647 2237 885 2313 omnia
914 2295 936 2329 ‚
1000 2237 1291 2337 injurias
1340 2236 1419 2311 ἃ
1460 2239 1964 2324 contumeliam
2002 2241 2225 2319 inter-

148 2352 162 2369 *
253 2338 603 2443 pretaturi
623 2394 643 2429 ,
671 2335 1005 2434 instigent
1027 2394 1049 2429 ‚
1084 2334 1163 2409 &
1189 2336 1279 2409 ad
1309 2359 1501 2409 arma
1525 2338 1802 2433 Regem
1831 2338 2221 2434 impellant.

356 2444 459 2515 Ut
504 2438 697 2521 enim
736 2460 885 2509 non
932 2436 1203 2511 faciant
1251 2435 1391 2506 hoc
1434 2433 1596 2522 alii,
1649 2452 1885 2509 tamen
1931 2460 2052 2509 eos
2089 2440 2222 2513 mi·-
2317 2468 2324 2483 ·

254 2540 453 2618 nime
494 2536 857 2636 quieturos
887 2587 910 2623 ,
972 2534 1094 2632 qui
1136 2552 1285 2605 non
1330 2531 1435 2606 ita
1472 2530 1746 2629 pridem
1795 2532 1904 2610 his
1938 2533 2014 2610 in
2055 2538 2224 2614 Pro.-

261 2638 519 2716 vinciis
566 2633 895 2710 militiam
939 2631 1224 2728 profeffi
1266 2629 1423 2716 sunt
1448 2687 1470 2722 ‚
1520 2629 1688 2728 quin
1725 2632 1910 2730 Regi
1941 2637 2221 2732 persua-

260 2739 521 2830 deant,
573 2757 738 2810 cum
776 2731 952 2807 nihil
999 2729 1351 2808 ardentius
1400 2745 1654 2826 optent
1679 2787 1702 2820 ,
1763 2755 1968 2828 quam
2015 2752 2092 2808 ut
2133 2737 2226 2812 ad

256 2835 489 2913 novas
537 2834 677 2910 huc
734 2830 1223 2907 concuffiones
1278 2829 1354 2903 ἃ.
1415 2829 1693 2924 rapinas
1739 2828 2223 2927 reducantur3
2279 2835 2286 2854 '

254 2937 337 3012 in
381 2936 521 3010 hoc
562 2932 914 3006 inhiantes
953 2986 975 3020 ‚
1039 2947 1118 3002 ut
1156 2927 1334 3001 ultra
1382 2927 1772 3002 vindictam
1794 2983 1827 3019 ‚x
1884 2955 2095 3029 quam
2142 2935 2222 3009 in

250 3034 501 3110 animo
532 3030 836 3122 habent,
886 3025 1192 3126 Belgicis
1222 3026 1458 3100 denuo
1496 3024 1867 3101 discordiis
1913 3027 1993 3104 ὅτ
2040 3034 2225 3106 cala.

256 3131 627 3208 mitatibus
650 3125 1003 3226 quaestum
1044 3124 1279 3199 facere
1310 3125 1572 3222 poffmt
1602 3150 1627 3212 3
1678 3149 1975 3223 cumque
1997 3151 2231 3218 ‚nemo

254 3230 589 3310 omnium
644 3229 860 3302 totius
914 3223 1145 3321 Belgii
1188 3223 1612 3298 summorum
1671 3222 1751 3300 δε
1810 3223 2230 3303 inferiorum

258 3329 623 3407 Ordinum
661 3349 801 3400 non
850 3325 1224 3402 exhorreat
1272 3322 1364 3397 ad
1412 3321 1640 3394 exaffi
1681 3323 2020 3418 temporis
2079 3352 2226 3401 me..

258 3427 567 3507 moriam
602 3479 625 3513 ,
704 3421 871 3521 quid
932 3422 1261 3518 deinceps
1321 3420 1405 3494 fit
1460 3419 2000 3518 exspectandum
2031 3433 2062 3515 ',
2146 3425 2230 3502 ἃ

250 3527 431 3628 quid
476 3548 625 3600 non
668 3521 917 3599 frustra
958 3513 1329 3620 gemituris
1374 3518 1863 3611 tolerandum3
1915 3521 1966 3596 fi
2011 3525 2109 3598 illi
2150 3526 2232 3599 li-

256 3625 537 3702 centiae
568 3619 887 3698 militaris
920 3639 1063 3694 tam
1100 3621 1380 3718 cupidi,
1428 3617 1644 3717 Regii
1689 3619 1968 3716 generis
2014 3623 2227 3699 tanti-

256 3748 396 3822 que
422 3722 724 3798 nominis
765 3723 974 3794 Duce
1008 3717 1087 3794 ἀ
1127 3719 1481 3817 justiffima
1515 3719 1798 3794 demum
1830 3776 1854 3808 ‚
1904 3720 2012 3793 uti
2041 3724 2226 3799 arbi-

261 3824 622 3896 trabuntur
654 3877 675 3912 ‚
741 3818 943 3894 causa
976 3875 1000 3910 ‚
1060 3819 1511 3918 Religionem
1546 3875 1569 3909 ,
1633 3816 2075 3917 Regiumque
2123 3821 2229 3897 di-

256 3919 613 4032 gnitatem
640 3939 892 3994 contra
934 3917 1323 4013 perduelles
1360 3914 1756 4008 defensuri,
1805 3938 1956 3992 turn
1990 3917 2068 3994 ἃ
2105 3921 2228 4018 spe

254 4015 659 4124 ingentium
706 4016 1177 4118 praemiorum
1206 4075 1229 4112 ,
1302 4039 1487 4194 {uae
1535 4039 1624 4092 ex
1663 4014 2067 4098 indubitata
2079 4020 2230 4194 ggi-

1409 4139 1455 4210 5
2152 4139 2232 4193 0-
