3017 5200
1622 422 2048 523 (282)

857 644 1050 717 Nunc
1089 634 1393 723 fiquidem
1433 632 1673 702 nostris
1712 632 2167 717 Martburgum
2214 630 2431 711 nobile
2468 634 2683 705 Mufis

933 802 1190 872 Gaudet
1219 848 1244 883 ,
1283 801 1350 867 fit
1387 782 1517 865 hbe
1558 798 1797 886 aliquid
1828 799 2089 866 nomine
2130 797 2331 865 laudis
2372 800 2580 869 habet.

849 977 958 1044 Ex
999 974 1107 1041 illa
1141 970 1304 1035 hanc
1349 967 1547 1053 igitur
1588 966 1707 1033 tibi
1756 967 2073 1033 mittimus
2118 964 2277 1031 urbe
2322 962 2623 1053 salutem,
2683 1048 2694 1053 ,

935 1138 1123 1234 Quae
1151 1134 1368 1221 spacio
1408 1134 1658 1218 iunctos
1696 1154 1813 1202 nos
1852 1134 2147 1201 breviore
2190 1127 2375 1197 facit.

749 1294 755 1306 ’
845 1306 960 1377 Te
1007 1322 1220 1371 tamen
1263 1302 1343 1367 ad
1381 1301 1561 1385 parvi
1602 1318 1825 1369 notum
1872 1299 2033 1367 mihi
2076 1298 2309 1365 flumen
2356 1295 2591 1403 Hietae

926 1467 1112 1535 Fecit
1155 1467 1471 1535 amicitiae
1511 1487 1646 1536 nou
1687 1466 1986 1533 violanda
2022 1466 2200 1533 fides.

839 1638 1088 1709 Haeret
1129 1635 1210 1701 ab
1253 1636 1382 1700 hoc
1433 1635 1651 1701 animo
1692 1634 1915 1701 nostro
1949 1648 2066 1698 tua
2110 1589 2405 1717 {empore
2462 1632 2718 1719 virtus,

925 1804 1110 1899 Quae
1155 1802 1273 1929 ti'bi
1317 1820 1427 1887 per
1463 1798 1679 1867 Musas
1724 1800 2007 1885 contigit
2048 1814 2198 1866 ante
2236 1796 2423 1867 diem.

785 2036 796 2047 ,
835 1969 1008 2039 Nam
1063 1971 1224 2035 licet
1269 1970 1336 2033 in
1381 1968 1593 2051 primo
1638 1981 1865 2031 vernet
1912 1966 2034 2031 tua'
2058 1965 2217 2029 flore
2260 1966 2606 2049 juvenmS,

913 2134 1052 2218 Jam
1099 2146 1314 2197 tamen
1365 2130 1606 2215 ingenii
1646 2129 1818 2195 dona
1860 2132 2065 2201 virilis
2106 2132 2319 2203 habet.

827 2297 922 2367 Bt
977 2317 1170 2383 quum
1209 2296 1458 2363 divitiis
1503 2297 1715 2362 valeas
1732 2340 1759 2377 ,
1794 2316 1987 2381 quum
2034 2300 2223 2366 rebus
2266 2301 2570 2386 abundes,

909 2466 1224 2558 Qualibus
1262 2463 1356 2531 est
1399 2448 1577 2532 ouini
1620 2466 1757 2531 vita
1796 2464 2061 2533 colenda
2114 2470 2332 2543 modo,

825 2627 983 2742 an
1015 2649 1240 2698 -tamen
1289 2633 1418 2700 ulla
1474 2649 1651 2700 tuam
1698 2633 1963 2699 ventosa
2011 2634 2297 2722 superbia
2344 2653 2629 2710 mentem
2656 2685 2683 2720 ‚

896 2797 1055 2866 Non
1103 2797 1346 2866 animos
1391 2798 1571 2865 tollit
1612 2799 1812 2882 gloria
1863 2821 2025 2870 vana
2076 2821 2244 2871 tuos.

813 2935 1032 3044 Macte
1081 2962 1332 3042 animm
1387 2959 1623 3032 famam
1664 2968 1865 3051 paries
1911 2971 2262 3038 virtutibus
2306 2948 2479 3052 istis,

895 3129 1082 3230 Quae
1125 3129 1245 3232 tibi
1288 3149 1422 3198 non
1474 3126 1631 3196 falsa
1672 3133 1853 3200 laude
1903 3141 2194 3237 pei-ennis
2244 3155 2364 3208 eat.

807 3297 1052 3366 Scribis
1094 3314 1166 3366 ut
1201 3296 1424 3366 eximii
1466 3316 1831 3414 cominatus
1876 3303 2061 3372 laude
2104 3305 2377 3390 Philippi
2410 3350 2438 3386 ,

893 3464 1147 3551 Frigida
1187 3463 1543 3533 Saxonidos
1588 3469 1841 3538 veneria
1882 3488 2031 3538 arva
2073 3474 2335 3558 plagae,

683 3645 712 3686 .·
804 3628 1038 3698 Scribis
1089 3632 1152 3700 dc
1199 3647 1274 3698 ut
1325 3629 1570 3704 nostrae
1620 3653 1983 3720 commotus
2020 3639 2283 3712 nomine
2317 3639 2562 3724 famae,

886 3793 1182 3880 Liqueris
1223 3797 1540 3888 Antverpi
1588 3805 1843 3880 moenia
1882 3806 2055 3876 culta
2106 3807 2219 3880 tui.
