3017 5200
848 502 991 576 ¹30
1198 440 2495 548 CnsrAnrsScnzr'!

2219 600 2236 633 Ι

840 646 1082 751 procul
1126 646 1261 720 hac
1306 642 1381 719 in
1434 662 1634 741 parte
1684 642 1907 719 abfint
1945 667 1992 715 a
2041 644 2272 737 veteri
2301 650 2462 743 tam
2491 642 2830 719 Christia-

846 770 1097 823 norum
1156 766 1363 840 quam
1415 740 1806 815 infidelium
1865 738 2225 819 modestia.
2295 743 2829 838 Tertullianus,

847 844 924 923 in
954 840 1431 941 Apologetico
1476 858 1722 937 contra
1755 842 2020 914 Gentes
2053 896 2076 930 ,
2113 842 2450 939 majorem
2484 842 2608 939 suo
2645 860 2828 915 tem·

852 964 1025 1043 pore
1058 934 1360 1014 affirmat
1380 936 1931 1012 Christianorum
1959 962 2324 1013 numerum
2353 935 2560 1015 fuiss'e
2577 995 2600 1031 ,
2617 964 2830 1037 quam

845 1041 1139 1116 aliorum
1183 1036 1497 1113 Romani
1545 1035 1833 1133 Imperii
1871 1034 2181 1111 hostium
2209 1090 2236 1128 ,
2271 1056 2477 1135 atque
2527 1036 2699 1111 ideo
2721 1094 2745 1129 ,
2775 1038 2828 1112 fi

852 1138 1066 1216 armis
1108 1132 1181 1211 se
1219 1134 1594 1212 Christiani
1639 1134 1819 1211 tueri
1847 1130 2226 1209 voluiss'ent
2262 1190 2283 1225 ‚
2335 1158 2479 1209 non
2524 1136 2832 1233 impares

854 1238 1019 1313 illos
1102 1233 1663 1333 persecutoribus
1726 1230 1862 1307 suis
1893 1288 1914 1325 ,
1987 1231 2134 1307 imo
2270 1252 2510 1331 ropter
2569 1236 2832 1309 mortis

851 1352 1394 1430 contemptum,
1443 1328 1832 1427 superiores
1884 1328 2179 1407 futuros.
2212 1258 2456 1423 fuisse,
2501 1357 2652 1410 non
2704 1330 2828 1419 du-

857 1434 1041 1509 bitat
1076 1457 1094 1508 :
1144 1426 1446 1527 potuisse
1502 1446 1868 1525 praeterea
1899 1485 1922 1519 ,
1973 1428 2216 1505 scribit
2245 1488 2268 1523 ,
2335 1426 2480 1507 sola
2527 1431 2607 1507 in
2659 1430 2830 1507 alias

850 1528 1255 1631 provincias
1285 1525 1654 1617 seceffrone
1701 1525 1989 1600 eosdem
2002 1528 2498 1625 persecutores
2521 1526 2692 1605 satis
2727 1531 2826 1603 ul-

850 1628 1066 1717 cisci3
1118 1626 1279 1723 quia
1303 1682 1323 1715 ‚
1351 1644 1640 1723 propoer
1665 1623 2042 1704 hominum
2077 1626 2152 1700 in
2179 1627 2496 1725 pluribus
2535 1625 2829 1704 urbibus

758 1780 781 1803 .
848 1724 1393 1821 infrequentiam
1430 1781 1452 1813 ,
1505 1721 1784 1821 ipsimet
1837 1722 2200 1823 Principes
2255 1724 2598 1823 attoniti,
2648 1726 2829 1801 alios

846 1822 1177 1900 homines
1196 1878 1217 1912 ‚
1280 1822 1526 1921 quibus
1575 1823 2008 1919 imperarent
2043 1878 2065 1913 ,
2115 1822 2380 1898 fuerint
2435 1822 2829 1923 quaefituri.

848 1910 1065 1999 Adeo
1111 1944 1285 2019 ergo
1344 1940 1516 2003 tunc
1565 1918 1934 1995 Christiani
1987 1921 2079 1995 ad
2137 1922 2354 2005 ullam
2421 1924 2833 1997 libertatem

849 2042 987 2119 per
1027 2018 1181 2091 vim
1230 2017 1745 2113 impetrandam
1789 2037 1991 2093 erant
2049 2018 2314 2111 alieni,
2387 2040 2466 2094 ut
2515 2044 2606 2095 ne
2656 2020 2836 2119 fuga

776 2115 802 2135 ²
850 2116 1137 2215 quidem
1171 2114 1298 2189 fibi
1334 2112 1698 2187 consulere
1730 2115 2030 2203 vellent,
2054 2112 2176 2189 sed
2209 2117 2448 2213 potius
2483 2112 2834 2291 [auffuine

849 2216 974 2293 suo
1004 2212 1395 2289 redundare
1428 2210 1706 2302 omnia,
1756 2211 1832 2284 in
1865 2212 2113 2314 quibus
2137 2212 2595 2309 habitabant,
2665 2241 2832 2306 oca,

854 2336 1107 2416 quam,
1151 2336 1289 2409 quo
1333 2329 1610 2386 tantam
1653 2307 2046 2386 infidelium
2079 2330 2112 2384 t
2159 2312 2527 2387 rannidem
2557 2314 2834 2413 effuge-

855 2431 1017 2509 rent
1048 2467 1069 2503 ,
1130 2410 1221 2483 de
1262 2408 1415 2483 aliis
1462 2408 1588 2482 fibi
1635 2402 2042 2505 quaerendis
2091 2340 2362 2485 {dibus
2406 2410 2832 2509 cogitarent.

852 2510 1315 2608 opponemus
1386 2506 1646 2581 deinde
1748 2506 1882 2579 illis
1954 2506 2428 2581 Ethnicorum
2523 2509 2836 2622 ipsorum

852 2607 1315 2700 modestiam,
1364 2605 1528 2702 qui,
1569 2631 1713 2702 quo
1763 2623 2080 2706 tempore
2107 2607 2418 2682 Romani
2473 2611 2836 2708 Principes

860 2705 950 2780 ad
983 2703 1552 2787 fidemconverfi
1593 2703 1750 2776 sunt
1783 2759 1805 2793 ‚
1857 2727 2207 2800 nunquam
2260 2707 2681 2782 ulla‘conoea
2711 2731 2838 2782 eos

857 2827 1057 2878 arma
1101 2801 1501 2898 Religionis
1561 2801 1790 2898 gratia
1851 2797 2153 2878 induisse
2215 2805 2608 2902 leguntur-3
2670 2830 2836 2880 nam

814 2921 1111 2978 ‚contra
1152 2900 1387 2996 potius
1431 2923 1622 2972 nunc
1663 2901 1920 2996 templa
1954 2903 2272 2980 Deorum
2315 2903 2592 2978 suorum
2645 2904 2833 2977 clau-

856 2999 976 3088 di,
1028 2995 1497 3072 nunc-statuas
1533 2994 1790 3093 dejici,
1841 3020 2032 3073 nunc
2061 3002 2490 3076 ceremonias
2510 3000 2823 3090 aboleri,

854 3121 1051 3174 nunc
1106 3095 1438 3170 alimenta
1496 3092 1974 3170 sacerdotibus
2035 3097 2828 3198 nonlampliussubmj-

854 3193 1474 3282 nistrarimodeste
1505 3193 1944 3290 patiebantur
1979 3220 2002 3280 ς
2049 3219 2138 3269 ac
2169 3195 2483 3274 dolorem
2514 3198 2588 3272 in
2637 3222 2719 3272 ea
2745 3220 2832 3271 re

758 3365 765 3372 .
856 3289 1057 3371 suum
1111 3293 1532 3391 supplicibus
1599 3311 1876 3366 tantum
1929 3293 2184 3368 libellis
2235 3295 2315 3372 ἃ
2361 3297 2838 3396 legationibus

854 3394 1068 3470 mistis
1107 3391 1578 3466 testabantur:
1629 3415 1966 3491 cumque,
2013 3392 2202 3490 quod
2247 3399 2630 3494 petebant,
2681 3419 2833 3470 non

856 3492 1367 3589 impetrarent,
1417 3490 1756 3584 repulsam
1807 3513 2085 3590 quoque
2137 3491 2324 3584 suam
2361 3494 2516 3594 pari
2547 3494 2830 3593 patien-
2901 3485 2910 3496 ’

848 3591 957 3676 tia
993 3590 1357 3678 ferebant,
1409 3586 1795 3662 dummodo
1841 3587 1929 3662 ad
1978 3587 2370 3668 Christiana
2411 3593 2613 3670 saera
2645 3594 2830 3667 cele-

854 3687 1122 3780 branda
1148 3689 1235 3760 ab
1268 3685 1516 3760 iisdem
1552 3707 1698 3762 non
1744 3707 2184 3784 cogerentur.
2261 3692 2568 3780 Adhaec
2605 3693 2830 3768 etiam

842 3785 979 3860 illis
1012 3784 1316 3858 Socratis
1364 3781 1446 3858 δε
1492 3785 1796 3858 Platonis
1847 3809 2322 3884 proponemus
2365 3791 2828 3895 sententiam:

841 3882 924 3956 hi
959 3905 1259 3979 namque
1296 3878 1379 3992 iis
1400 3879 1553 3978 ,qui
1587 3883 1860 3980 patriae
1889 3883 2054 3960 suae
2073 3941 2096 3977 ,
2129 3887 2204 3961 in
2231 3916 2365 3990 qua
2395 3891 2555 3968 nati
2588 3889 2832 3980 efferat,

846 3985 1036 4083 leges
1099 3980 1177 4060 «Sc
1212 3980 1684 4080 Religionem:
1722 4005 1871 4076 non
1913 3988 2301 4086 probaram
2331 4049 2362 4090 ,
2423 3989 2609 4080 nihil
2650 3988 2844 4066 aliud

1763 4166 1770 4175 ,
1875 4141 1884 4152 -
2669 4110 2850 4167 con-
