3017 5200
484 450 495 515 3
532 488 658 591 10¹.
710 492 1103 569 Ans-runc.
1155 501 1251 564 tr
1305 450 1497 565 Oxii.
1551 472 1956 571 Bsimeos?
2135 484 2282 583 109

286 662 567 741 ‘'tinnem
608 664 797 741 'novi
832 663 1131 739 Concilii
1158 718 1185 755 i,
1234 664 1433 760 cujus
1484 660 1776 739 arbitrio
1825 662 2275 758 Provincias,

309 762 661 841 sententiis
714 762 793 837 &
840 762 1141 837 decretis
1185 760 1678 859 suffragiorum
1723 784 2016 837 numero
2071 788 2273 861 prae-

314 862 693 939 Valentibus
712 917 733 951 ,
764 859 1145 960 gubern-ari
1172 860 1447 935 velint:
1511 860 1724 973 Qiod
1767 861 1982 935 etiam
2017 862 2270 937 Aurai-

320 986 442 1035 cae
478 959 921 1057 Principem,
948 958 1291 1055 ejusmodi
1338 957 1834 1055 propoiitionis
1875 960 2278 1055 authorem,

282 1059 381 1134 ‚in
418 1058 613 1132 'suam
653 1057 1077 1132 societatem
1122 1054 1549 1129 adsciverint
1587 1112 1610 1147 ,
1667 1058 1946 1154 Regem
1989 1058 2067 1132 id
2123 1060 2282 1157 qui·-

307 1158 463 1231 dem
516 1156 917 1253 aegerrime
979 1154 1339 1244 latururn3
1422 1154 1617 1251 cujus
1699 1154 1815 1229 ille
1872 1172 2078 1230 tanto
2125 1160 2278 1255 jam

302 1264 629 1352 ternpore
661 1310 684 1346 ,
735 1253 858 1329 sed
891 1251 968 1349 βε
1002 1252 1359 1349 religionis
1407 1252 1570 1327 suae
1613 1273 1702 1327 ex
1748 1250 2056 1349 professb
2086 1256 2280 1352 capi-

294 1352 449 1429 talis
483 1352 577 1426 fit
621 1350 859 1427 hostis.
962 1351 1333 1425 Accedere
1373 1351 1461 1423 ad
1494 1350 1678 1424 haec
1694 1350 1995 1425 Arcium
2029 1351 2278 1449 injuffu

274 1452 413 1527 ‘suo
466 1448 553 1525 &
603 1464 880 1549 praeter
940 1446 1132 1523 suam
1206 1450 1662 1524 voluntatem
1731 1448 2280 1543 demolitiones,

272 1550 559 1649 aliaque
596 1547 897 1651 ,infinita
928 1602 949 1637 ,
997 1570 1187 1647 quaex
1227 1546 1524 1622 minime
1590 1546 1753 1623 fieri
1799 1546 2158 1642 decebat,
2195 1548 2276 1625 δε

285 1672 468 1748 quae
516 1665 764 1723 tantae
812 1645 1177 1743 potentiae
1224 1644 1622 1745 Principes,
1675 1646 1897 1745 qualis
1936 1648 2100 1722 Rex
2150 1648 2278 1738 fit,

210 1804 213 1813 .
282 1768 517 1845 neque
565 1745 777 1821 facile
824 1745 1125 1819 tolerare
1152 1800 1173 1835 ,
1224 1766 1452 1843 neque
1490 1744 1888 1841 relinquere
1927 1744 2276 1844 impunita

282 1846 609 1937 soleant,
658 1844 953 1941 ideoque
1004 1842 1094 1915 de
1142 1842 1254 1917 his
1294 1842 1387 1917 ad
1418 1840 1644 1939 ipsum
1675 1842 1978 1918 scribere
2013 1843 2279 1920 consti-

284 1942 500 2017 tuiffe
533 1998 557 2031 ,
611 1966 771 2015 cum
826 1938 1117 2015 ut-haec
1150 1940 1504 2017 'resciscat
1529 1998 1554 2033 ,
1615 1940 1998 2040 plurimum
2057 1942 2273 2041 ipfius
2314 1960 2321 1968 ‘

186 2050 195 2063 '
264 2040 616 2131 „interfit3
649 2040 722 2114 se
756 2040 1065 2129 interea,
1099 2063 1260 2113 cum
1296 2058 1548 2137 aperte
1584 2040 1980 2117 confideret
2007 2097 2028 2131 ‚
2065 2065 2280 2139 quam

284 2139 597 2215 minima
635 2138 797 2235 ipfis
844 2136 1208 2235 dignitatis
1257 2138 1417 2217 suae
1466 2139 1654 2215 ratio
1711 2140 1854 2233 fit,
1903 2139 2073 2239 quin
2117 2140 2276 2215 imo

282 2262 461 2318 eum
491 2236 864 2313 manifeste
904 2234 1279 2313 ostendant
1306 2275 1332 2328 ·,
1380 2260 1597 2333 quam
1639 2239 1772 2312 fine
1817 2238 1908 2311 ad
1948 2238 2278 2313 rebellio·
2357 2316 2360 2321 ,

272 2362 449 2412 nem
488 2335 883 2435 proclives,
935 2334 1103 2408 dum
1142 2334 1495 2410 hostiliter
1537 2333 1856 2431 quotidie
1912 2352 2160 2413 contra
2202 2335 2279 2409 se

277 2460 510 2533 agere
554 2456 705 2512 non
748 2432 1011 2506 ceffent
1048 2489 1071 2522 ,
1116 2436 1616 2528 Luceburgum
1649 2456 1689 2505 e
1723 2430 2030 2531 vestigio
2070 2432 2278 2531 cogi·
2365 2506 2367 2509 Α

268 2533 463 2608 taffe
488 2589 510 2624 ,
546 2556 685 2630 quo
720 2530 1170 2608 commodius
1198 2524 1489 2607 inde&
1520 2528 1874 2624 securius,
1920 2528 2100 2630 qnae
2135 2556 2271 2631 gu-
2326 2576 2332 2589 ·

270 2633 787 2708 bei-nationem
821 2633 1011 2707 suam
1056 2649 1490 2708 concernunt
1510 2687 1532 2722 ,
1558 2655 1693 2730 pro·
1721 2652 1810 2702 eo
1841 2685 1862 2721 ,
1915 2629 2104 2730 quod
2136 2629 2276 2718 fibi

278 2732 357 2805 in
357 2731 683 2828 junehim
712 2730 795 2803 fit
822 2787 845 2819 ,
890 2753 1180 2806 munere
1223 2749 1554 2829 procuret
1589 2787 1614 2822 ,
1665 2747 1871 2828 atque
1913 2729 2270 2826 ampliora

286 2830 462 2904 suae
495 2827 891 2927 Majestatis
938 2829 1267 2904 mandata
1317 2828 1766 2927 opperiatur3
1808 2827 1938 2924 ipsi
1978 2827 2270 2904 interim

272 2928 778 3028 obedientiam
815 2929 1235 3026 praestent,
1268 2925 1349 3002 ἀ
1382 2949 1562 3026 quae
1609 2949 1698 3000 ex
1736 2925 1981 3002 officio
2020 2925 2276 3000 facere·
2337 3015 2348 3021 ἢ

262 3047 699 3118 teneantur,
730 3027 1184 3103 meminerint
1216 3082 1242 3118 ,
1280 3027 1423 3102 hoc
1472 3027 1800 3124 Regem,
1848 3047 2062 3122 quem
2091 3023 2268 3122 legi·
2381 3063 2383 3069 .

260 3126 543 3204 timum
572 3125 877 3203 habeant
896 3181 917 3216 ,
968 3149 1010 3200 a
1041 3129 1202 3200 Deo
1242 3122 1700 3198 constitutum
1727 3178 1751 3214 ,
1801 3122 1880 3197 ἃ
1905 3119 2264 3196 heredita·-

257 3224 387 3298 rio
409 3225 575 3320 jure
606 3224 1173 3322 Principem,·ab
1210 3223 1369 3318 ipsis
1398 3219 1750 3318 requirere
1773 3276 1795 3312 ,
1820 3218 1940 3318 qui
1976 3237 2054 3293 ut
2089 3235 2262 3295 con*-

260 3323 583 3397 trarium
615 3337 1068 3396 *attentarent
1098 3378 1121 3411 ,
1171 3320 1432 3394 nullam
1476 3341 1780 3415 unquam
1819 3316 2260 3410 occasionem

254 3419 563 3496 dederit
597 3473 618 3506 ‚
696 3419 813 3494 sed
859 3420 1091 3496 multis
1150 3415 1559 3516 magnisque
1589 3472 1614 3508 ,
1670 3415 1774 3508 uti
1837 3413 2109 3490 nemini
2149 3417 2256 3492 in·
2295 3455 2304 3464 *

267 3518 667 3616 cognitum
727 3518 847 3610 fit,
900 3520 1015 3594 vel
1062 3515 1201 3592 effe
1260 3518 1569 3604 debeat,
1626 3513 2028 3596 beneficiis,
2064 3513 2256 3612 ipsos
2339 3591 2344 3602 ,

266 3617 359 3689 sit
387 3615 811 3711 prosecutus
832 3673 853 3708 ,
904 3641 1040 3714 quo
1076 3613 1364 3691 nomine
1394 3611 1878 3692 obstrictifint
1900 3669 1922 3703 ,
1969 3635 2256 3694 ornnem

268 3713 385 3786 illi
434 3715 655 3786 fidem
708 3712 787 3788 ὅ(
828 3714 1309 3810 obedientiam
1348 3713 1646 3787 viciffim
1701 3711 2038 3786 exhibere
2079 3736 2104 3803 3
2153 3713 2258 3788 ita

267 3809 574 3884 tandem
594 3813 817 3910 ,quod
850 3807 998 3888 non
1041 3813 1185 3887 fine
1219 3811 1510 3909 suspirio
1542 3809 2044 3910 proferendum
2064 3866 2085 3900 ‚
2107 3811 2248 3886 fra-

268 3908 543 4004 &aque
580 3911 1025 4010 diss'olutaque
1050 3913 1231 3986 Pace
1271 3911 1530 3984 bellum
1569 3907 1936 3987 manifeste
1981 3908 2248 3984 denun-
2283 3945 2297 3963 ’-

185 4042 191 4051 ’
252 4007 551 4082 ciarum
594 4007 712 4083 est.
808 4013 1063 4109 Neque
1104 4009 1393 4082 defuere
1448 4007 1982 4106 eit-praecipuis
2035 4006 2246 4080 Ordi-

246 4127 449 4193 num
494 4105 901 4208 Proceribns
925 4166 950 4202 ,
1000 4109 1121 4208 qui
1164 4107 1249 4200 iis
1292 4107 1540 4195 litteris
1591 4131 1740 4190 non
1783 4104 2041 4184 leviter
2083 4126 2254 4285 peffi

2083 4224 2172 4274 cu
