3017 5200
594 483 1180 575 Βιιιοιιιιε
1283 515 1410 573 nr„
1510 498 1815 570 1⁵14ch
1953 465 2248 592 ''145‘

233 694 455 751 turae
468 674 677 763 sunt,
690 690 803 745 ut
850 698 1053 771 quam
1104 671 1179 747 in
1230 669 1647 768 pauciffimis
1697 668 1848 743 fieri
1883 673 2186 799 poterit,

160 841 165 853 ,
234 774 523 845 aliarum
571 771 1091 846 Provinciarum
1140 770 1546 843 civitatibus
1584 770 1754 841 haec
1804 768 1930 840 illis
1973 763 2184 842 liber-

238 892 347 943 tas
398 872 873 963 concedatur,
896 891 1162 979 utque
1175 868 1351 940 duae
1391 867 1636 939 saltem
1688 865 1760 937 in
1803 867 2192 943 Hollandiae
2236 924 2238 928 .
2290 912 2298 917 -

235 967 316 1041 &
350 952 671 1041 Zelandia
723 967 1172 1045 nominentur
1208 967 1471 1053 urbes,
1523 964 1600 1035 in
1632 963 1876 1065 quibus
1925 966 2181 1039 Catho-

237 1066 373 1141 lica
404 1089 675 1162 quoquc
698 1064 887 1138 sacra
910 1062 1189 1159 publice
1224 1020 1684 1135 celebrentur.

334 1164 585 1237 REX.
640 1164 797 1259 Age
846 1185 1051 1235 vero
1060 1184 1215 1235 eam
1258 1184 1443 1233 nunc
1479 1158 1550 1233 in
1583 1158 1894 1255 medium
1924 1161 2184 1257 profer.

237 1264 457 1342 Nam
476 1284 515 1333 e
572 1286 634 1336 o
654 1260 934 1357 quidem
976 1258 1422 1357 persuadere
1464 1256 1640 1331 mihi
1692 1280 1834 1330 non
1877 1258 2185 1353 poss'um,
2257 1270 2262 1275 ’

236 1360 519 1433 ullame
576 1382 613 1430 e
647 1378 791 1431 tam
820 1381 1148 1467 gravem,
1200 1378 1413 1453 quae,
1462 1356 1750 1429 excussis
1786 1354 1990 1427 nobis
2014 1366 2184 1431 'tam

234 1457 373 1555 piis
424 1454 500 1529 ἃ
554 1456 947 1532 neceffariis
976 1454 1238 1544 armi3‚
1288 1452 1465 1526 tanti
1502 1450 1795 1549 periculi
1839 1455 2186 1549 magnitu-
2287 1487 2290 1498 «

230 1556 521 1643 dinem,
546 1580 709 1627 cum
739 1574 929 1628 tanta
948 1552 1341 1664 Dignitatis
1378 1550 1646 1625 nostrae
1675 1548 1988 1647 jactu-ra,
2011 1576 2179 1627 con-

236 1653 461 1725 temni
494 1652 791 1741 debere,
834 1652 1033 1749 posfit
1061 1651 1415 1725 evincere.

336 1753 635 1826 DUX.
636 1755 1054 1847 Antequam
1083 1748 1171 1821 ad
1210 1750 1390 1821 hanc
1413 1771 1673 1846 ,quam
1715 1746 2009 1823 indicari
2052 1748 2190 1823 tibi
2279 1816 2299 1827 s

234 1848 585 1945 postulas,
637 1848 909 1920 causam
962 1847 1446 1943 explicandam
1498 1848 1830 1935 veniam,
1895 1848 2186 1921 demon-

230 1945 598 2020 strandum
656 1946 845 2041 prius
891 1945 1090 2019 nobis
1140 1942 1294 2035 est,
1358 1945 1774 2019 admodum
1805 1904 2192 2057 ancipitem

226 2042 317 2117 ἃ
350 2042 634 2115 dubiam
680 2043 885 2115 nobis
930 2042 1167 2115 haberi
1210 2042 1471 2119 debere
1508 2044 1709 2153 hujus
1753 2052 1897 2115 ta'rn
1931 2040 2190 2141 prolixi

228 2141 316 2215 <Sc
344 2139 719 2212 calamitofi
772 2140 983 2228 belli,
1034 2139 1085 2213 fi
1113 2139 1186 2212 id
1230 2140 1417 2213 forte
1461 2142 1622 2238 paci
1654 2142 2193 2237 praeferendum-

239 2238 377 2311 effe
424 2239 813 2311 censeamus
855 2294 874 2328 ‚
942 2232 1244 2311 nestram
1314 2237 1740 2317 vietoriam:
1779 2238 2196 2349 diligenter

234 2337 432 2409 enim
470 2336 694 2410 futuri
740 2355 1033 2427 eventus
1102 2358 1261 2432 conJ
1246 2334 1536 2408 echiras
1593 2334 2195 2425 examinantibus,

242 2436 550 2531 aequales
584 2434 740 2527 illae
771 2418 1130 2529 Ριόῖεᾶο,
1183 2454 1263 2507 ut
1295 2431 1638 2542 ingenue,
1673 2432 1864 2528 quod
1907 2454 2020 2504 res
2053 2416 2194 2522 est,

242 2535 685 2630 eloquamur,
737 2533 849 2604 vel
902 2532 1113 2604 etiam
1166 2520 1372 2628 paulo
1420 2527 1725 2628 potiores
1768 2529 1906 2603 ess'e
1941 2529 2196 2605 viden-

244 2653 412 2718 tur,
464 2655 637 2742 quae
686 2629 1064 2719 hostibus,
1104 2629 1420 2726 quamvis
1463 2654 1628 2702 cum
1695 2647 1839 2702 tam
1887 2627 2198 2724 potentis

240 2722 587 2840 Principis
629 2787 649 2820 ,
718 2745 881 2810 tam
912 2727 1333 2801 inexhaustis
1381 2727 1630 2840 opibus
1661 2782 1681 2815 ,
1750 2750 1834 2800 ac
1883 2745 2043 2800 tam
2085 2727 2194 2800 in-

243 2826 497 2917 vietis,
564 2839 770 2923 atque
828 2825 1231 2900 exercitatis
1297 2825 1562 2922 copiis
1590 2825 1850 2898 bellum
1906 2844 2196 2922 gerant,

240 2947 451 3024 quam
492 2949 665 3023 quae
707 2926 911 3000 nobis
957 2923 1361 2998 certaminis
1400 2906 1606 3020 hujus
1643 2922 2013 2996 victoriam
2043 2926 2198 3019 pol-

240 3026 563 3099 licentur.
642 3023 947 3097 Necess'e
980 3047 1191 3128 porro
1224 3021 1361 3110 est,
1400 3022 1554 3094 hoc
1583 3021 1890 3116 primum
1923 3021 2021 3092 ita
2051 3021 2194 3093 sese

225 3123 562 3211 habere,
626 3121 1130 3212 demonstrari,
1166 3144 1338 3194 cum
1392 3117 1702 3215 alioquin
1762 3118 1999 3190 omnia
2045 3140 2204 3214 gra-

238 3218 519 3294 viffima
539 3178 711 3290 ’belli
744 3219 1197 3292 incommoda
1234 3217 1491 3290 merito
1545 3235 1996 3289 contemnere
2031 3241 2196 3312 pos·-

234 3319 387 3402 seS‚
438 3315 523 3388 fi
514 3317 863 3390 certiores
918 3318 1326 3391 haberemus
1388 3314 1477 3388 de
1529 3313 1816 3405 nostra,
1862 3335 2079 3414 quam
2109 3315 2200 3387 de
2249 3313 2256 3320 “

234 3413 547 3490 hostium
580 3414 934 3506 victoria,
962 3437 1121 3510 conJ
1106 3415 1413 3490 ceturas.
1465 3413 1612 3486 Ubi
1641 3435 1854 3502 vere,
1901 3432 2196 3509 quanto-
2244 3450 2250 3455 ·
2329 3429 2334 3432 ·

241 3537 409 3609 pere
446 3512 655 3587 nobis
682 3511 779 3584 fit
802 3511 1391 3608 pertimescendus
1414 3509 1725 3601 tristior,
1768 3523 1974 3607 quem
2005 3509 2203 3586 Deus

244 3631 550 3718 avertat,
598 3610 767 3686 belli
798 3629 1144 3700 eventus,
1197 3635 1284 3684 ex
1321 3609 1740 3705 conjecturis
1781 3608 1910 3682 illi's
1939 3633 2204 3706 cogno·-
2263 3615 2270 3622 “

243 3707 495 3798 veris3
538 3733 835 3808 aequum
875 3729 1043 3782 tunc
1081 3709 1401 3806 profecto
1446 3706 1714 3796 fuerit,
1763 3731 2089 3804 magnam
2121 3727 2204 3783 te

248 3806 329 3878 in
365 3805 497 3878 liae
540 3808 630 3880 de
678 3832 855 3904 pace
893 3805 973 3882 δε
1018 3808 1201 3881 bello
1250 3805 1752 3883 consultatione
1819 3803 2078 3880 habere
2121 3806 2206 3878 il-

234 3905 467 3978 larum
490 3906 859 3981 rationem.
928 3907 1123 3980 Nam
1154 3903 1277 3980 δε
1258 3925 1391 3978 iter
1425 3902 1702 4002 aliquod
1741 3903 1832 3976 ob
1869 3903 2213 4001 insignem

230 4000 548 4104 aliquam
590 4025 675 4077 ex
722 4027 837 4082 eo
855 3985 1227 4088 utilitatem
1268 3997 1692 4177 ihXCffuri’
1747 4001 1843 4076 de
1879 4001 2217 4078 mutando
2261 4087 2280 4106 s

2067 4115 2235 4191 pro-
