3017 5200
839 458 991 519 120
1188 436 1877 513 Casrsnxs
1971 434 2490 513 Senta-1

838 614 1006 691 olim
1046 608 1505 685 crudeliffime
1539 608 1888 707 persecuti
1919 608 2099 687 sunt.
2200 611 2620 710 Iniuriarum
2649 634 2818 709 por-

834 736 918 789 ro
976 706 1383 797 memoria3
1432 706 1580 781 five
1617 763 1640 797 ,
1699 706 1894 804 quod
1952 706 2148 783 idem
2197 710 2301 785 est
2337 767 2362 802 ,
2425 710 2811 785 ulciscendi

836 832 920 883 ac
958 804 1301 907 puniendi
1338 803 1686 903 cupiditas
1719 860 1744 895 ,
1793 804 1924 879 vix
1967 806 2180 883 etiam
2239 832 2403 882 cum
2442 806 2811 883 honestam

772 952 779 969 ·
836 905 918 982 δε
950 932 992 981 a
1017 905 1293 980 ratione
1382 904 1704 979 robatam
1745 902 2052 1001 sequitur
2099 905 2369 981 causam
2391 965 2414 998 ‚
2459 906 2808 1005 justitiam

835 1004 1112 1104 operari
1155 926 1387 1103 poteff
1426 1028 1449 1078 ε
1515 1001 1644 1076 ubi
1691 1024 1866 1077 vero
1929 1002 2190 1087 limites
2256 1002 2808 1103 transgreditur,

828 1104 1065 1179 omnis
1088 1100 1418 1203 profesto
1459 1098 1840 1197 injustitiae
1870 1098 1950 1175 δι
1981 1101 2416 1179 crudelitatis
2457 1104 2636 1179 solet
2670 1104 2809 1179 effe

834 1200 1403 1277 instrumentum.
1484 1194 1866 1275 Postremo
1897 1198 2018 1273 illa
2049 1199 2200 1298 ipsa
2231 1200 2602 1299 dignitatis
2623 1259 2648 1293 ,
2673 1227 2807 1278 no-

838 1301 1095 1391 minis,
1146 1322 1232 1373 ae
1274 1300 1507 1373 famae
1556 1296 1836 1373 nostrae
1874 1298 2178 1373 tuendae
2222 1324 2428 1392 cura,
2474 1317 2650 1375 tunc
2681 1301 2806 1375 de-

836 1424 1035 1479 mum
1067 1397 1362 1471 honesta
1405 1396 1483 1472 ὅι
1515 1394 1696 1493 justa
1723 1397 1968 1473 haberi
2011 1396 2228 1473 debet
2250 1455 2272 1490 ‚
2323 1405 2484 1475 cum
2525 1398 2811 1477 solliciti

834 1502 1065 1577 sumus
1085 1552 1107 1587 ‚
1158 1494 1325 1605 quid
1352 1492 1443 1569 de
1472 1493 1680 1568 nobis
1717 1494 2098 1593 prudentes
2119 1492 2378 1587 ,sancti
2402 1555 2424 1590 ,
2461 1496 2536 1572 &
2569 1498 2674 1596 pii
2697 1499 2812 1573 vi-

831 1600 935 1685 ri,
988 1592 1067 1669 &
1094 1593 1264 1691 quxd
1290 1592 1514 1676 etiam
1557 1592 1702 1690 ipse
1733 1596 1932 1667 Deus
1967 1596 2146 1693 Ope.
2191 1598 2396 1673 Max.
2432 1594 2513 1671 δε
2551 1595 2672 1696 qui
2711 1596 2812 1675 illi

829 1692 1081 1769 adsunt
1115 1690 1308 1766 beati
1342 1690 1682 1789 Spiritus,
1731 1691 1824 1769 de
1852 1693 2058 1768 nobis
2089 1694 2347 1769 sensuri
2375 1695 2560 1771 sunt.
2629 1698 2812 1771 Cum

838 1786 1020 1869 ve'ro
1060 1789 1553 1887 imperitorum
1595 1788 2052 1887 quorumdam
2073 1848 2094 1883 ,
2127 1791 2206 1867 ὅτ
2233 1816 2476 1869 veram
2519 1818 2810 1893 magna-

831 1888 1181 1965 nimitatis
1202 1888 1554 1979 rationem
1596 1910 1742 1965 non
1771 1888 2383 1988 intelligentium„
2407 1914 2623 1991 atque
2657 1918 2808 1971 am·

832 1988 1095 2063 bitioni
1139 1985 1220 2061 δε
1268 1986 1784 2063 inconfiderato
1829 1988 1954 2061 suo
1997 1990 2158 2062 zelo
2184 2048 2207 2081 ‚
2255 2011 2469 2092 atque
2507 1991 2666 2065 aliis
2705 1993 2809 2067 af-

829 2084 1377 2161 fectibus-nimis
1410 2084 1944 2183 indulgentium*
1978 2087 2331 2183 judicium
2375 2090 2808 2182 metuimus,

832 2184 1208 2259 levitatem
1258 2182 1499 2281 primo
1547 2181 1861 2256 nostram
1908 2180 1988 2257 <St
2025 2183 2575 2283 imprudentiam
2613 2188 2702 2261 in
2729 2213 2812 2263 eo

831 2282 1238 2382 prodimus}
1282 2280 1363 2356 <Sc
1392 2306 1522 2380 per
1565 2281 1910 2378 ejusmodi
1963 2302 2234 2359 metum
2277 2308 2364 2360 ea
2405 2288 2807 2361 committi·

834 2406 992 2457 mus
1011 2438 1033 2473 ,
1082 2402 1258 2479 quae
1288 2380 1479 2479 apud
1529 2379 1802 2455 sanctos
1845 2380 1999 2455 illos
2041 2382 2317 2479 judices
2341 2439 2362 2472 ‚
2413 2408 2591 2481 quos
2625 2382 2804 2459 solos

834 2506 969 2557 nos
1006 2479 1321 2558 revereri
1366 2496 1662 2577 oportet
1691 2535 1712 2568 ,
1757 2478 2126 2554 infamiam
2169 2481 2372 2560 nobis
2415 2504 2666 2579 patere
2697 2483 2802 2557 so·

831 2582 983 2656 lent
1020 2611 1041 2669 ·,
1113 2597 1321 2678 atque
1361 2578 1526 2654 ideo
1574 2579 1832 2677 absque
1871 2596 2176 2677 peccato
2243 2580 2604 2656 committi
2658 2604 2804 2657 non

832 2677 1137 2776 poliunt.
1260 2679 1439 2752 Cum
1502 2677 1722 2774 igitur
1769 2677 2136 2775 Majestati
2204 2698 2368 2754 tuae
2407 2680 2794 2780 persuasum

834 2776 975 2849 effe
1006 2776 1289 2850 credam
1309 2833 1334 2867 ,
1380 2776 1804 2873 dignitatem
1847 2775 1928 2851 ἃ
1967 2775 2568 2854 existimationem
2597 2797 2800 2856 ‘tuam

833 2873 1023 2970 apud
1058 2877 1344 2965 Deum,
1399 2874 1477 2948 Gt
1498 2875 1766 2948 sanctos
1795 2874 1946 2949 illos
1988 2874 2264 2973 judices
2290 2935 2311 2968 ,
2357 2880 2578 2976 longe
2639 2877 2800 2952 fore

833 2970 1333 3061 illustriorem3
1398 2971 1449 3045 fi
1489 2971 1824 3071 superatis
1867 2972 2403 3084 quibuscunque
2444 2975 2576 3052 tuis
2615 2977 2796 3050 affe-

832 3070 1060 3144 &ibus
1098 3126 1121 3161 ,
1178 3069 1301 3168 qui
1342 3088 1416 3144 te
1472 3069 1550 3144 in
1610 3088 2036 3146 contrariam
2095 3095 2376 3170 partem
2439 3075 2804 3173 impellere

833 3167 1157 3268 poss'ent5
1204 3168 1279 3242 id
1321 3186 1600 3243 tantum
1626 3169 1965 3270 sequariS,
1995 3172 2188 3270 quod
2223 3197 2354 3270 per
2388 3175 2652 3249 rectam
2690 3199 2790 3248 ra-

830 3267 1105 3342 tionem
1132 3269 1331 3342 Deus
1363 3267 1507 3364 ipse
1533 3268 1676 3342 hoc
1701 3287 2026 3368 tempore
2057 3294 2100 3345 a
2131 3289 2208 3346 te
2233 3271 2500 3371 exigit:
2527 3271 2787 3372 &ipse,

828 3385 909 3440 ut
938 3366 1129 3458 dixi,
1178 3367 1397 3441 intelli
1452 3393 1505 3440 o
1527 3391 1720 3442 meas
1760 3367 1982 3444 solum
2027 3369 2103 3444 in
2136 3370 2297 3482 ἕως
2331 3371 2624 3447 confilio
2661 3371 2797 3446 effe

832 3483 1067 3560 partes
1086 3521 1108 3556 ‚
1159 3486 1235 3538 ut
1267 3465 1385 3539 illu
1466 3489 1509 3536 a
1551 3485 1626 3540 te
1663 3489 1835 3542 vera
1862 3467 2002 3543 hac
2029 3487 2304 3544 tamone
2345 3470 2606 3547 debere
2636 3496 2792 3572 pro·

830 3563 1026 3651 bari,
1078 3563 1217 3638 tibi
1246 3563 1746 3640 demonstrem.
1838 3566 2056 3640 Hanc
2092 3567 2331 3666 itaque
2368 3593 2618 3644 veram
2655 3568 2790 3644 ani-

720 3677 726 3683 ·
832 3659 935 3732 mi
964 3661 1523 3758 magnitudinem
1555 3663 1645 3736 ad
1679 3663 1862 3737 hanc
1893 3665 2170 3740 causam
2197 3667 2454 3743 afferre
2481 3687 2789 3768 paratuS,

835 3782 981 3855 quo
1002 3761 1270 3855 majore
1294 3783 1425 3834 nos
1464 3761 1818 3858 aequitate
1842 3763 2080 3838 audias
2095 3822 2122 3857 ,
2169 3763 2250 3840 ἃ
2269 3768 2790 3878 placabiliorem

838 3863 1011 3953 erga
1043 3857 1461 3931 miserrimas
1490 3860 1619 3934 has
1647 3881 1800 3934 tuas
1827 3859 2132 3938 ditiones
2173 3887 2486 3942 aunuum
2519 3867 2789 3942 induas:

816 3955 1148 4055 cogitare
1195 3975 1565 4053 praeterea
1609 3958 1826 4035 debes
1877 3953 2121 4064 (quod
2155 3983 2358 4051 certe
2379 3965 2692 4070 -Justitiae
2717 3963 2791 4036 δι

836 4085 840 4092 ’
2487 4141 2496 4150 .
2601 4083 2793 4148 man-
