3017 5200
855 544 1008 603 210
1199 508 2494 593 cisrixisscnsrt

865 718 974 775 ter
1001 692 1517 781 recenseamus,
1534 696 1613 761 u't
1648 687 1748 760 ita
1782 686 2065 759 demum
2080 682 2173 756 ad
2192 705 2305 757 eas
2325 739 2346 771 ,
2374 702 2556 779 quae
2584 682 2675 756 ab
2694 682 2839 757 Or·

861 792 1138 870 dinibus
1163 787 1615 887 ‘praestandae
1640 786 1798 858 sunt
1818 840 1841 874 ,
1868 784 2252 858 veniamus.
2327 781 2559 857 Prima
2592 781 2836 877 itaque

861 890 1098 969 cautio
1141 884 1502 985 Majestati
1534 904 1697 957 tuae
1732 906 1893 956 cum
1925 880 2217 956 subditis
2258 880 2656 955 communis
2691 880 2783 952 fit
2806 935 2832 970 ,

858 990 1088 1088 ipsum
1131 986 1482 1082 utrimque
1524 979 2005 1079 praestandum
2049 979 2527 1077 jusjurandum
2548 1036 2570 1070 ,
2624 979 2838 1075 cujus

853 1078 1228 1165 foimulam
1257 1084 1371 1159 vel
1403 1082 1745 1155 rationem
1783 1082 1992 1177 paulo
2028 1078 2183 1177 post
2208 1075 2519 1152 tradituri
2558 1077 2835 1151 sumus.

855 1183 1176 1263 Secunda
1189 1182 1316 1275 est,
1336 1180 1653 1255 omnium
1688 1178 2089 1252 militarium
2108 1176 2459 1273 copiarum
2483 1174 2833 1249 exaucto-

855 1280 1064 1371 ratio,
1085 1280 1164 1357 δε
1193 1281 1414 1355 totius
1457 1276 1809 1351 exercitus
1844 1268 2190 1363 dimiflin,
2220 1276 2321 1366 ὅτ,
2344 1276 2521 1349 intra
2554 1272 2829 1347 consti·

858 1396 1096 1457 tutum
1116 1380 1191 1453 in
1208 1382 1404 1452 Pacis
1439 1374 1965 1450 conditionibus
1984 1396 2282 1473 tempus,
2312 1398 2401 1447 ex
2418 1375 2669 1447 harum
2688 1370 2825 1445 Di-

859 1480 1132 1555 tionum
1153 1476 1405 1549 finibus
1431 1472 1679 1547 abitio,
1728 1474 2015 1562 Tertia,
2036 1496 2115 1547 ut
2146 1473 2301 1546 talis
2336 1474 2409 1547 in
2440 1472 2548 1545 his
2582 1470 2825 1547 Ditio-

859 1579 1060 1653 nibus
1106 1575 1534 1671 relinquatur
1578 1570 1934 1667 supremus
1964 1572 2443 1661 Gubernator,
2490 1570 2568 1644 &
2608 1593 2822 1669 gene-

857 1676 1016 1749 ralis
1065 1670 1459 1769 Majestatis
1510 1688 1671 1743 tuae
1716 1672 2086 1761 VicariuS‚
2136 1670 2254 1765 qui
2294 1690 2581 1768 propter
2630 1688 2821 1742 tuam

855 1767 1142 1871 quidem
1177 1768 1626 1845 securitatem
1657 1824 1678 1859 ,
1746 1766 1827 1841 fit
1884 1792 2055 1843 vere
2128 1788 2341 1864 atque
2412 1793 2500 1841 ex
2577 1768 2821 1841 animo

856 1870 1300 1959 catholicus,
1347 1886 1633 1964 propter
1674 1866 1991 1941 subditos
2022 1886 2256 1941 autem
2292 1866 2677 1965 ejusmodi,
2706 1865 2818 1964 qui

857 1990 1003 2042 non
1059 1969 1256 2064 poffit
1289 1968 1378 2038 ab
1413 1964 1618 2061 ipfis,
1673 1978 2028 2062 tamquam
2074 1965 2197 2038 fibi
2246 1964 2635 2061 suspectus,
2706 1965 2810 2038 vel

852 2082 1206 2163 tamquam
1243 2086 1458 2137 novas
1498 2085 1607 2135 res
1640 2064 1968 2139 adversus
2006 2064 2185 2159 ipsos
2220 2065 2631 2155 moliturus,
2678 2087 2815 2136 me·

856 2164 998 2238 rito
1039 2160 1357 2243 recusari.
1451 2160 1722 2265 Quarta
1753 2219 1775 2254 ,
1826 2180 1909 2235 ut
1944 2158 2335 2238 ‘Hollandia
2382 2161 2461 2236 ὅ(
2494 2160 2816 2237 Zelandia

851 2262 1048 2337 suum
1131 2260 1208 2334 in
1283 2254 1641 2355 posterum
1712 2260 2124 2333 nominent
2222 2263 2773 2336 Gubernatorem
2794 2316 2813 2350 ,

858 2378 1067 2459 quem
1113 2354 1447 2455 Majcstas
1508 2374 1630 2431 tua
1700 2359 2115 2433 confirmare
2174 2358 2427 2434 debeat
2453 2417 2476 2450 ,
2529 2362 2811 2459 rejicere

855 2482 1002 2533 non
1051 2458 1303 2557 poflit‚
1351 2454 1404 2527 fi
1453 2455 1669 2529 modo
1718 2457 1777 2530 is
1826 2458 1909 2534 fit
1956 2456 2571 2533 administrationis
2621 2461 2811 2548 illius,

852 2560 1056 2657 juxta
1105 2574 1348 2632 vetera
1392 2555 1916 2630 Provinciarum
1955 2556 2219 2630 illarum
2273 2557 2652 2656 privilegia
2709 2582 2813 2631 ca-

855 2677 1036 2752 pax,
1085 2675 1295 2751 utque
1328 2651 1402 2724 in
1446 2653 1729 2750 reliquis
1760 2656 2148 2729 Provinciis
2179 2657 2347 2729 nulli
2384 2678 2505 2730 aut
2532 2681 2811 2731 amove-

853 2756 917 2828 ri
989 2773 1118 2850 per
1162 2749 1615 2848 Majestatem
1678 2771 1870 2826 tuam
1948 2756 2493 2828 Gubernatorcs·
2520 2757 2817 2854 possint‚

791 2906 799 2914 .
856 2848 1516 2948 quomodocumque
1549 2871 1740 2922 arma
1775 2873 2023 2927 contra
2057 2874 2133 2926 te
2170 2852 2536 2950 gefferint,
2586 2855 2637 2928 fi
2670 2877 2820 2926 mo-

854 2951 952 3022 do
995 2946 1308 3046 legitime
1372 2947 1637 3020 fuerint
1682 2951 2055 3047 aliquando
2118 2951 2379 3042 ele6ii3
2437 2953 2596 3048 quid
2644 2977 2823 3026 vero

859 3049 950 3120 de
996 3047 1082 3119 iis
1127 3044 1563 3117 statuendum
1596 3045 1679 3118 fit
1708 3103 1728 3138 ,
1774 3051 1895 3145 qui
1936 3047 2108 3145 *ipsis
2138 3050 2520 3126 ‘Ordinibus
2548 3051 2820 3147 poffint

862 3143 1000 3219 esse
1030 3141 1362 3242 suspecti,
1411 3145 1615 3239 paulo
1656 3145 1816 3241 post
1848 3148 2337 3246 intelligemus,
2430 3149 2703 3255 Quinta
2738 3141 2823 3221 ac

855 3244 1202 3341 postrema
1249 3241 1486 3314 cautio
1534 3242 1655 3330 fit,
1704 3245 1861 3341 quia
1902 3246 2160 3319 liberae
2218 3248 2490 3321 futurae
2536 3250 2699 3323 sunt
2738 3245 2817 3320 ’δε

857 3347 929 3415 in
965 3340 1346 3416 Hollandia
1385 3338 1464 3413 δε
1499 3341 1828 3416 Zelandia
1875 3345 2395 3419 Catholicorum
2430 3344 2515 3420 ὅ(
2548 3347 2625 3420 in
2666 3345 2811 3418 aliis

855 3437 1250 3514 Provinciis
1295 3437 1841 3515 protestantium
1900 3443 2372 3538 conscientiae
2405 3501 2427 3538 ,
2490 3445 2625 3518 hoc
2666 3442 2808 3534 est,

853 3538 1014 3630 q'u‘ia
1055 3559 1301 3610 omnes
1348 3536 1809 3634 ubique·tuto
1856 3543 2173 3638 profiteri
2209 3563 2575 3640 poterunt,
2621 3543 2823 3640 cujus

852 3637 990 3710 fint
1031 3633 1432 3731 Religionis
1461 3689 1484 3723 ,
1534 3657 1611 3710 ut
1656 3663 1863 3711 nemo
1898 3641 2291 3738 Religionis
2318 3641 2653 3731 homine,
2704 3641 2822 3714 vel

855 3733 932 3807 in
959 3733 1068 3806 his
1097 3791 1118 3824 ,
1167 3733 1280 3806 vel
1316 3733 1390 3806 in
1441 3731 1571 3806 illis
1619 3737 2049 3828 Provinciis,
2095 3739 2461 3814 inidoneus
2494 3741 2583 3814 ad
2612 3745 2819 3815 Sena-

861 3830 1035 3904 toris
1074 3833 1187 3906 vel
1219 3831 1645 3930 Confi-liarii,
1681 3839 1793 3909 vel
1830 3838 2323 3936 quuscumque
2356 3839 2637 3915 alterius
2664 3842 2820 3914 Ma-

857 3931 1182 4026 gistratus
1211 3951 1460 4002 munus
1490 3935 1899 4025 gerendum,
1928 3937 2415 4034 repelliqueat.
2468 3935 2825 4042 Quoniam

851 4049 1088 4104 autem
1139 4026 1508 4103 verifimile
1558 4028 1698 4122 est,
1759 4055 1988 4132 neque
2041 4034 2117 4110 in
2163 4035 2569 4114 -Hollandia
2612 4035 2827 4212 ‘fag-le

1718 4168 1723 4174 ·
2470 4157 2477 4171 ·
2658 4159 2699 4211 a
2754 4159 2827 4208 u-
