3017 5200
520 468 639 565 Jo.
690 465 1103 541 Arm-mm·
1138 460 1487 537 arom).
1537 462 1930 543 Bezereos.
2008 494 2016 507 ·
2141 486 2238 565 23
2335 536 2338 545 .

250 637 549 733 delent,
601 638 952 715 blanditiis
986 636 1159 713 nihil
1187 635 1259 710 se
1316 636 1768 728 effutitur-um,
1819 637 2103 731 &,-nifi
2140 643 2218 719 se
2309 671 2318 684 ·

256 739 683 817 authoritate
732 739 1049 828 muniat,
1080 733 1387 814 ludibrio
1426 736 1744 811 futurum
1789 738 2157 817 afferentes
2177 756 2205 831 ',.

252 845 353 915 an‘
382 839 661 941 publico
697 840 890 912 bono
932 894 953 927 ‚
1002 860 1096 910 an
1139 834 1808 933 privato-commoti
1841 892 1864 926 ,
1913 838 2210 916 dubium
2262 869 2284 901 v

252 940 407 1031 αἰὲς
456 960 543 1011 eo
604 938 893 1012 consilio
952 937 1265 1009 imbutus
1308 934 1708 1009 Mechlinia
1766 936 1952 1011 Nam
1963 964 2214 1019 arcum

242 1036 593 1139 profefflrs
623 1035 725 1109 est
766 1060 897 1134 per
941 1033 1828 1121 occafionem.falutandae
1865 1036 2206 1113 Navarri-
2246 1066 2256 1087 «

248 1156 375 1210 cae
396 1133 761 1233 Reginae,
814 1157 992 1233 quae
1034 1134 1193 1207 illac
1228 1130 1317 1203 ad
1361 1130 1647 1229 Spadii‚
1701 1155 1882 1229 quae
1915 1132 2212 1237 in'Ebu-

233 1233 549 1309 tionibus
576 1232 737 1308 sunt
756 1290 775 1321 ‚
796 1234 1033 1307 fontes
1059 1231 1195 1305 iter
1220 1230 1522 1305 habebat
1540 1286 1562 1322 ,
1593 1254 1901 1328 quocum
1931 1256 2218 1309 omnem

237 1334 392 1407 suae
432 1330 699 1407 ‘Curiae
728 1333 1067 1431 sequelam
1104 1324 1454 1404 evocass‘et
1486 1350 1511 1419 ,¹
1561 1330 1740 1403 mihi
1787 1354 2063 1429 quoque
2107 1328 2212 1407 uti

230 1428 487 1529 Regio
514 1430 857 1505 Ministro
885 1488 907 1523 ‚
960 1449 1037 1503 ut
1063 1427 1137 1502 se
1169 1430 1612 1509 Namurcum
1645 1452 1687 1501 e
1719 1428 2021 1527 vestigio
2053 1430 2098 1503 s
2089 1431 2214 1503 ub·-

231 1530 525 1629 sequar,
546 1528 1082 1627 mandat,quod
1112 1526 1193 1602 ἃ
1216 1582 1243 1619 ‚
1296 1545 1375 1600 ut
1409 1528 1745 1601 clientem
1780 1527 2020 1601 decuit
2042 1586 2062 1618 ‚
2105 1526 2214 1601 fa-

230 1630 541 1704 aarum:
568 1629 642 1704 in
708 1652 825 1701 me
882 1627 1132 1725 :recepi
1167 1683 1187 1717 ,
1255 1625 1542 1700 fimulac
1603 1626 1875 1723 privata
1947 1626 2218 1723 aliquot

224 1728 533 1827 negotia
564 1725 893 1803 Bruxellis
924 1723 1502 1822 composuiss'em3
1548 1725 1798 1823 quibus
1829 1726 2214 1799 conficien-

222 1827 326 1901 dis
368 1828 655 1925 aliquot
702 1825 973 1901 dierum
1008 1825 1293 1899 veniam
1333 1826 1692 1899 conceffit.
1731 1852 1736 1858 ·
1775 1824 2009 1929 Quare
2043 1824 2214 1897 dum

224 1951 311 1999 ea
342 1926 445 1999 de
498 1924 698 1997 causa
753 1923 939 2011 eain
998 1918 1293 1999 civitate
1343 1946 1612 1997 moram
1667 1924 1870 1997 traho
1905 1980 1929 2014 ,
1979 1922 2100 1997 ubi
2132 1921 2214 1997 dc

232 2045 391 2099 tum
446 2024 786 2119 temporis
832 2042 1229 2097 conventus
1284 2024 1594 2120 agebant
1641 2022 1944 2096 Ordines
1980 2079 2001 2113 ‚
2065 2044 2214 2095 non

230 2124 361 2219 nifi
430 2122 965 2197 communicato
1037 2144 1200 2195 cum
1266 2120 1426 2218 ipfis
1487 2120 1947 2219 profectionis
2003 2142 2208 2194 meae

232 2222 620 2314 mandam,
665 2222 743 2305 in
785 2216 979 2295 viam
1008 2244 1125 2295 me
1166 2220 1339 2293 dare
1378 2218 1633 2310 statui,
1688 2240 1768 2293 ut
1811 2210 1864 2293 fi
1901 2220 2088 2293 forte
2115 2217 2214 2291 ad

230 2320 708 2414 serenitatem
740 2320 931 2393 suam
982 2318 1437 2393 committere
1470 2318 1850 2415 quidquam
1909 2318 2218 2405 vellent,

226 2444 351 2494 me
388 2420 647 2493 :numio
682 2437 1069 2492 uterentur.
1146 2416 1419 2489 Petiere
1450 2436 1605 2485 turn
1639 2416 1819 2503 hoc,
1871 2439 2032 2487 curn
2063 2412 2215 2509 ipso

224 2530 563 2616 agerem,
626 2523 709 2588 ut‘
732 2570 753 2606 ‚
786 2534 1127 2610 quantum
1182 2511 1338 2610 fieri
1366 2509 1635 2606 pollet,
1668 2510 1979 2614 reditum
2013 2510 2220 2585 suum

230 2617 595 2692 Bruxellas
646 2615 1069 2688 acceleraret
1107 2667 1128 2702 ,
1199 2611 1271 2683 se
1328 2610 1479 2707 ejus
1549 2633 1814 2708 magno
1873 2609 2218 2684 desiderio

226 2713 521 2804 teneri,
561 2711 939 2786 confilium
984 2710 1183 2783 suum
1228 2706 1307 2782 ἃ
1353 2707 1820 2804 praesentiam
1865 2709 1940 2782 in
1967 2708 2218 2806 primis

226 2813 328 2886 ad
394 2809 956 2887 constituendam
1007 2808 1549 2906 Rempublicam
1589 2807 1869 2905 requiri.
1983 2807 2221 2913 Quam

230 2910 595 2986 ord-inum
624 2907 1081 3006 petitionem,
1100 2929 1276 3005 quae
1310 2925 1387 2979 ut
1413 2907 1634 3003 justa,
1673 2907 1774 2980 fic
1804 2925 2004 3004 grata
2036 2904 2215 2979 mihi

227 3011 484 3106 futura
520 3008 668 3082 visa
702 3031 863 3080 cum
895 3007 1174 3096 fuisset,
1220 3003 1454 3079 statim
1502 3025 1722 3104 atque
1765 3008 2216 3080 Namurcum

230 3107 478 3206 appuli
499 3164 521 3198 ,
548 3108 709 3180 suae
726 3105 1106 3179 Serenitati
1132 3101 1511 3200 explicavi,
1528 3104 1842 3177 reditum
1861 3104 2216 3177 Bruxellas

224 3228 618 3306 properum
646 3203 1582 3302 diligenter-commendans,
1645 3201 1784 3276 Sed
1813 3200 1930 3274 ille
1971 3218 2220 3274 contra

232 3305 564 3406 graviter
614 3301 1033 3398 conquestus
1063 3357 1084 3390 ‚
1146 3300 1391 3372 multis
1462 3298 1914 3398 indignisque
1983 3298 2224 3372 modis

228 3429 367 3503 pro
420 3417 543 3484 tot
598 3399 741 3474 suis
784 3399 873 3472 'in
918 3397 1243 3472 Ordines
1302 3398 1790 3496 populumque
1840 3400 2220 3496 Belgarum

230 3499 611 3578 beneficiis
678 3496 1201 3596 praeposteram
1265 3495 1393 3571 fibi
1444 3495 1738 3594 relatam
1795 3496 2020 3572 *fuiffe
2062 3521 2217 3594 gra.-

230 3601 413 3676 tiam
436 3657 460 3691 ‚
522 3597 878 3673 declar-are
926 3595 1171 3696 coepit
1212 3651 1235 3687 ‚
1308 3593 1608 3670 minime
1677 3594 1804 3670 fibi
1859 3595 1933 3670 in
1977 3595 2222 3670 animo

243 3697 388 3770 effe
416 3697 771 3772 -Bruxellas
812 3694 1045 3770 redire
1064 3693 1111 3785 ,⁸
1137 3693 1265 3768 nifi
1308 3695 1441 3768 alia
1490 3697 1579 3770 ab
1623 3694 1736 3768 ina
1768 3751 1789 3785 ,
1837 3715 2015 3793 quae
2061 3694 2216 3794 ipso

250 3796 604 3893 praesente
630 3793 868 3869 fuiss'et
898 3851 919 3884 ‚
970 3794 1205 3868 forma
1233 3793 1600 3892 regiminis
1635 3793 2222 3882 constitueretur·;

236 3890 649 3992 perspicer-e
702 3894 897 3966 enim
955 3893 1026 3967 se
1047 3951 1067 3984 ,
1140 3893 1522 3992 praecipue
1584 3894 1870 3992 plebem
1933 3890 2212 3968 diversa

241 3990 392 4068 ess'e
446 3993 567 4068 abs
610 3991 681 4065 se
738 3994 1114 4076 voluntate
1157 3992 1611 4168 ,Bmagisque
1671 3992 1752 4069 in
1793 3989 2217 4078 universum

1297 4112 1349 4184 4
2047 4109 2212 4186 P1'0·.
