3017 5200
2567 247 2582 297 l

818 524 913 600 η
1058 514 1258 619 Qasr.
1306 520 1586 603 Sena-rr
1635 520 1880 599 Coun.
1932 543 2032 597 m:
2084 543 2264 619 mea
2313 542 2542 629 mnu
2585 546 2592 551 ·

828 694 989 791 quid
1043 697 1311 773 interea
1358 717 1698 773 moveant
1735 756 1758 794 ‚
1811 694 1891 773 ὅτ
1935 699 2024 773 ab
2079 700 2276 777 omni
2305 698 2682 776 insolentia
2715 696 2789 779 <St

826 794 1177 869 maleficio
1209 796 1475 871 ceffent
1515 823 1540 889 3
1590 798 1919 872 affeetum
1965 818 2200 873 autem
2239 800 2437 874 suum
2474 857 2497 891 ‚
2548 796 2790 875 animi-

820 914 961 1063 que
1012 896 1584 971 benevolentiam
1617 953 1638 988 ,
1689 894 1764 972 <Sc
1801 896 1946 994 ipsa
1983 896 2398 973 traetatione
2425 898 2524 973 w&
2561 922 2790 975 rerum

854 994 1133 1067 ucceffu
1183 994 1439 1069 certius
1490 995 1916 1094 cognituros.
2023 996 2367 1071 Certiores
2411 1022 2586 1095 ergo
2631 994 2796 1073 faui

826 1088 1133 1167 Ordines
1166 1092 1257 1165 de
1283 1094 1592 1172 adventu
1625 1094 1980 1187 Austriaci
2001 1150 2022 1185 ‚
2049 1096 2264 1169 mistis·
2305 1096 2666 1194 extemplo
2698 1094 2794 1169 se·

822 1188 1018 1265 lestis
1049 1247 1072 1281 ‚
1124 1191 1349 1290 deque
1389 1192 1505 1267 sua
1569 1194 1938 1267 voluntate
1989 1192 2224 1268 edoefi
2254 1250 2274 1283 ‚
2341 1194 2500 1291 post
2569 1193 2803 1269 varias

820 1290 1114 1364 tandem
1157 1292 1548 1387 legationes
1577 1349 1600 1383 ‚
1652 1294 2036 1391 longasque
2073 1292 2526 1377 tractationes
2558 1348 2581 1387 ‚
2637 1292 2798 1366 foe-

828 1389 959 1463 dus
995 1414 1155 1485 cum
1185 1388 1338 1484 ipso
1370 1392 1720 1464 Marchae
1768 1390 1846 1465 in
1883 1391 2173 1465 Famina
2218 1388 2497 1465 faciunt
2533 1450 2554 1485 ‚
2611 1388 2802 1491 quod

826 1489 1045 1587 Hoye
1086 1486 1491 1562 Leodienlis
1521 1488 1814 1563 diocesis
1859 1490 2276 1587 oppidulum
2310 1490 2450 1581 est,
2479 1512 2624 1588 quo
2660 1491 2806 1565 Au-

822 1582 1113 1660 striacus
1140 1583 1219 1659 ὅ(
1247 1606 1493 1661 contra
1541 1586 1889 1674 Ordinum
1929 1588 2185 1684 Legati
2230 1588 2512 1663 evocati
2555 1590 2801 1675 fuere,

826 1683 1069 1759 edicto
1122 1704 1471 1783 perpetuo
1535 1709 1703 1760 cum
1786 1686 2232 1761 Gandavenfi
2297 1688 2805 1778 Pacificatione

826 1784 1323 1859 confirmatum
1354 1784 1498 1875 est,
1549 1786 1738 1881 quod
1773 1782 1850 1859 ὃ(
1883 1784 2029 1884 ipse
2057 1788 2228 1873 Rex
2257 1785 2584 1883 religioso
2617 1784 2806 1885 post-

826 1882 1122 1957 modum
1174 1880 1253 1957 ἃ
1310 1880 1604 1959 solemni
1665 1882 1931 1959 ass‘ensu
1997 1884 2534 1981 comprobavit,
2583 1884 2810 1961 dedu·

823 1999 1079 2055 cuntur
1127 1980 1226 2055 ita
1274 2004 1361 2055 ue
1404 2005 1496 2057 ex
1539 1982 1752 2079 pafito
1805 1982 2287 2079 Hispanorum
2335 1984 2682 2079 praefidia
2721 2005 2812 2077 ex

820 2078 1097 2157 arcibus
1133 2135 1157 2169 ,
1318 2097 1662 2177 quotquot
1707 2103 1838 2176 per·
1865 2074 2184 2177 Belgium
2231 2080 2566 2157 militares
2604 2098 2818 2156 erant

747 2211 751 2217 ·
826 2197 1233 2253 exterorum
1259 2177 1511 2273 copiae
1549 2232 1572 2268 ,
1623 2177 2008 2287 Proyincia
2057 2178 2404 2252 excedere
2433 2181 2816 2276 jubentur.

826 2277 1068 2373 Atque
1102 2276 1202 2351 ita
1239 2274 1616 2354 constituta
1665 2276 2214 2372 confirmataque
2266 2277 2626 2374 utrimque
2686 2304 2822 2374 pa·-

830 2398 955 2465 ce,
990 2374 1389 2452 Austriacus
1430 2372 1677 2449 omnia
1697 2400 1916 2472 ‚quae
1955 2376 2310 2472 optimum
2347 2376 2817 2453 Gubernato-

832 2498 989 2549 rem
1020 2474 1358 2549 decerent
1376 2528 1397 2565 ,
1420 2474 1881 2569 promittens»,
1900 2473 2292 2550 Lovanium
2321 2474 2614 2571 publica
2647 2497 2826 2547 con-

824 2572 1301 2672 gratulatione
1336 2571 1684 2654 deduuus
1719 2573 1952 2670 prima
1989 2570 2246 2648 deiude
2263 2572 2450 2671 Maji
2480 2572 2599 2648 die
2635 2576 2816 2648 Bru·

826 2674 1088 2754 xellam
1121 2671 1534 2768 ingreditur.
1630 2673 2070 2747 Praeclaram
2121 2673 2214 2747 de
2252 2670 2407 2769 ipso
2432 2672 2822 2770 Reipubli-

824 2793 956 2848 cae
988 2770 1343 2868 gerendae
1369 2767 1572 2865 spem
1607 2787 2079 2868 conceperant
2113 2793 2384 2861 omne3‚
2399 2795 2674 2867 perque
2697 2797 2818 2868 pa-

824 2888 1187 2942 ternarum
1229 2866 1576 2942 virtutum
1623 2865 1923 2964 vestigia
2008 2869 2286 2942 ubl'icae
2325 2869 2819 2965 expeetationi

828 2965 1337 3046 satisfafiturum
1374 2963 1828 3043 confidebant
1845 2991 1870 3055 3
2033 2967 2440 3062 proximum
2473 2986 2632 3042 era-t
2651 3025 2680 3057 ‚
2743 2990 2813 3047 ut

824 3065 1147 3162 Belgium
1170 3121 1195 3153 ,
1238 3065 1540 3141 eltantis
1568 3063 1919 3138 aerumnis
1963 3087 2330 3162 emergens
2351 3099 2384 3156 ,·
2406 3089 2548 3140 non
2580 3069 2818 3142 modo

823 3165 1322 3262 respiratui-um
1362 3219 1385 3252 ‚
1434 3187 1688 3240 verum
1737 3160 1816 3238 ἃ
1860 3161 2194 3260 pristinae
2227 3163 2555 3240 fortunae
2609 3165 2812 3240 fasti-

821 3264 1022 3365 gium
1060 3262 1264 3338 brevi
1293 3262 1536 3339 denuo
1567 3281 2086 3358 occupaturum
2121 3261 2358 3340 fuerit.
2503 3275 2510 3282 “
2732 3359 2736 3362 Α

820 3421 881 3447 .,
928 3364 1063 3438 Sed
1106 3378 1398 3436 nutante
1434 3361 1576 3446 fide
1628 3359 1708 3436 ἃ
1757 3360 2202 3438 observantia
2259 3363 2444 3438 nulla
2501 3362 2810 3438 foedera

828 3460 1207 3536 consistunt
1245 3487 1264 3535 ε
1330 3479 1403 3534 at
1447 3485 1624 3534 vero
1691 3483 1986 3558 aequum
2036 3481 2188 3536 erat
2225 3518 2248 3552 ,
2311 3479 2390 3534 ut
2439 3462 2816 3538 voluntati

823 3588 955 3637 nos
990 3555 1200 3658 ipsius
1226 3557 1830 3655 moderationique
1855 3559 2457 3651 submitteremUS‚
2503 3561 2812 3636 edueio·

822 3685 957 3758 que
983 3655 1465 3756 peregrino&
1482 3659 1918 3734 mercenario
1959 3658 2184 3757 milite
2238 3657 2477 3758 (quod
2509 3661 2818 3735 unicum

827 3777 980 3832 erat
1054 3757 1367 3832 nostrum
1438 3755 1752 3853 votum)
1807 3757 2226 3856 excussoque
2292 3760 2473 3856 jugo
2512 3814 2535 3848 ‚
2615 3757 2810 3858 quod

824 3859 1009 3933 adeo
1042 3855 1576 3932 intolerabiliter
1609 3881 1734 3930 nos
1765 3855 2098 3930 haetenus
2149 3856 2413 3932 urserat
2451 3909 2472 3946 ,
2529 3859 2814 3955 gratias

826 3979 1042 4054 agere
1077 3955 1506 4030 debebamus
1537 3953 1974 4030 Sereniflimo
2005 3954 2261 4054 Juveni
2284 3947 2338 4046 ‚⁵
2361 3959 2559 4055 cujus
2596 3955 2810 4032 auxi·

829 4057 967 4149 lio,
1017 4055 1162 4132 fide
1188 4111 1220 4148 ‚.
1256 4053 1335 4132 ἃ
1364 4055 1864 4160 benevolentia
1901 4074 2049 4135 tam
2077 4075 2413 4162 prompte
2449 4075 2562 4138 tot
2597 4056 2821 4128 malis

2572 4177 2810 4251 expe-
