3017 5200
1627 506 2053 609 (260)

860 702 992 771 Vix
1030 701 1222 769 modo
1253 699 1625 784 languentes
1661 702 1965 789 reparatis
2000 700 2244 769 viribus
2288 720 2455 776 artus

937 809 1254 893 Incipiens
1297 808 1571 874 tremulo
1618 808 1681 874 in
1724 810 1977 893 publica
2013 806 2177 875 ferre
2218 814 2398 895 pede.

856 914 1062 1001 Urget
1089 910 1529 983 adhuc·multa
1568 932 1775 983 tamen
1814 916 1921 981 hic
1957 934 2063 981 me
2104 933 2283 1001 parte
2322 920 2629 989 molestus

937 1018 1112 1087 Dum
1154 1022 1365 1089 sanum
1406 1021 1650 1105 aegroti
1694 1021 1911 1085 vivere
1956 1036 2132 1085 more
2181 1017 2362 1089 facit.

853 1122 1370 1213 Defunctumque
1409 1126 1589 1208 iubet
1628 1123 1842 1191 saevus
1881 1143 2179 1191 renovare
2218 1129 2533 1211 dolorem,

941 1228 1118 1298 Dum
1154 1250 1406 1316 premor
1452 1233 1679 1299 invitas
1718 1230 1866 1299 huic
1898 1230 2111 1297 facere
2146 1232 2421 1305 inferias.

851 1342 1116 1411 Scilicet
1157 1344 1249 1411 est
1286 1362 1461 1413 certo
1507 1344 1843 1427 sudandum
1879 1360 2203 1427 tempore,
2252 1342 2447 1408 certis

819 1432 828 1443 ⁸
863 1506 868 1514 ‚
926 1442 1143 1529 Nique
1188 1447 1357 1513 horis
1387 1448 1572 1530 jussas
1614 1428 1739 1514 non
1788 1448 1939 1513 licet
1976 1444 2100 1510 esse
2142 1447 2355 1530 dapes.

847 1552 940 1623 Ni
977 1555 1242 1631 faciam,
1283 1549 1491 1617 subito
1532 1552 1737 1618 veluti
1777 1551 2095 1617 redivivus
2126 1551 2383 1617 oberret

929 1662 1182 1757 VenuS,
1229 1660 1292 1725 ὅτ.
1338 1660 1549 1728 infuso
1596 1662 1849 1727 territet
1898 1652 2036 1727 'offa
2076 1660 2245 1744 gelu.

838 1754 1208 1859 Horrbrque
1246 1792 1332 1839 ex
1373 1774 1646 1841 humeris
1674 1775 1882 1839 calces
1916 1771 2207 1840 decurrat
2234 1771 2312 1837 ad
2358 1773 2519 1838 imos
2540 1815 2567 1853 ,

920 1884 1293 1970 Frigidaque
1337 1883 1638 1968 exsangui
1686 1884 1913 1970 palleat
1956 1902 2165 1967 ungue
2204 1901 2444 1949 manus.

834 1996 944 2063 Sic
987 1996 1138 2059 mihi
1181 1996 1246 2059 in
1289 1992 1552 2058 hostiles
1600 2008 1765 2056 vano
1812 1991 2149 2059 conamine
2187 1989 2402 2069 Iusta,

917 2098 1114 2191 Quod
1156 2099 1419 2176 mirere,
1458 2097 1750 2175 umbras,
1789 2095 2021 2177 Helle,
2050 2097 2337 2182 gerenda
2384 2095 2541 2162 fuit.
2600 2122 2605 2127 ·

829 2210 987 2281 Non
1018 2212 1202 2279 aliter
1229 2210 1542 2300 taciturus
1574 2228 1784 2292 eram,
1830 2228 1961 2275 non
1994 2224 2102 2287 te,
2138 2206 2367 2288 Hess'e‚
2420 2207 2716 2275 relictum

913 2324 1111 2407 Inque
1160 2320 1490 2389 salutatum
1536 2318 1981 2402 praeteriturus
2019 2334 2211 2409 eram.

828 2422 1120 2508 Namque
1150 2424 1351 2489 bonos
1379 2442 1510 2489 non
1538 2420 1632 2489 est
1667 2422 1880 2507 (fidos
1916 2423 2069 2489 licet
2105 2423 2273 2488 inter
2300 2420 2603 2501 amicos)

836 2518 842 2524 ’
915 2536 1216 2606 Servandi
1258 2536 1472 2606 custos
1513 2536 1793 2605 foederis
1832 2534 2277 2624 Harpocrates.

831 2649 1077 2719 Mutua
1123 2649 1414 2716 diffociat
1455 2647 1912 2746 conjunctaque
1960 2647 2187 2726 corda,
2227 2645 2542 2730 fitumque
2658 2690 2666 2697 -

839 2759 847 2769 ⁸
918 2765 1118 2833 Obdit
1164 2764 1501 2845 amicitiis,
1547 2761 1925 2829 conticuiffe
1966 2764 2095 2830 diu.

827 2863 1003 2962 Ergt‘)
1051 2891 1122 2940 te
1161 2873 1335 2942 miffa
1384 2873 1613 2953 rupiss‘e
1667 2871 1906 2964 silentia¹
1950 2873 2167 2940 charta
2240 2881 2250 2890 ⁴

906 2981 1122 3066 Juvit,
1163 2980 1224 3045 ὁ(
1265 2979 1568 3063 ingratam
1609 2979 2013 3063 praesecuisse
2060 2999 2323 3047 moram.

822 3087 952 3159 Hei
987 3087 1137 3156 mihi
1178 3087 1453 3154 laetitiae
1483 3102 1751 3172 quantos
1790 3085 1971 3152 fimul
2016 3083 2235 3154 intulit
2274 3085 2517 3171 aestus,

843 3243 853 3252 -
906 3198 1104 3284 Inque
1146 3193 1424 3258 animum
1463 3189 1649 3290 fudit„
1672 3193 1897 3275 gaudia
1938 3207 2168 3276 quanta
2208 3209 2460 3273 meum,

814 3303 1069 3382 Licere,
1117 3315 1278 3382 quae
1305 3295 1621 3361 Aonidum
1653 3296 1885 3362 celebri
1920 3295 2277 3362 comitante
2300 3310 2557 3361 caterva

897 3413 972 3478 In
1021 3407 1243 3488 mediis
1291 3399 1465 3470 fulfit
1505 3400 1757 3487 limpida
1808 3399 2205 3468 turbinibus?

818 3522 975 3592 Non
1011 3524 1234 3602 aliter,
1281 3534 1464 3602 quam
1493 3517 1541 3585 fi
1556 3542 1581 3602 ‚‘
1633 3517 1864 3584 nebula
1893 3517 2219 3600 fumante,
2264 3515 2597 3586 coruscum

893 3635 1186 3702 Phoebus
1235 3633 1528 3698 inaurato
1572 3630 1855 3714 proferat
1896 3651 2010 3698 ore
2045 3633 2243 3714 iubar.
2392 3693 2399 3702 .

807 3734 977 3809 Nam
1011 3751 1078 3798 te
1106 3731 1275 3799 nulla
1305 3731 1559 3824 quidem
1588 3733 1913 3799 dimittere
1943 3735 2217 3802 carmina
2253 3749 2508 3806 certum
2539 3732 2673 3820 est,

893 3845 1078 3946 Quae
1115 3855 1248 3908 non
1292 3840 1627 3925 permultis
1669 3838 1789 3909 flnt
1828 3843 2148 3914 comitata.
2170 3843 2349 3914 Deis.

2648 3951 2769 4034 Pet·

1425 4173 1448 4212 Χ
