3017 5200
494 486 609 587 Jo.
656 485 1058 587 Ausrnuc.
1109 500 1205 556 ετ
1253 482 1449 583 Onu.
1496 476 1897 563 Bezereos:
2067 504 2222 591 ’με

258 666 333 747 sa
360 664 548 764 ipsos
591 660 725 739 effe
770 659 1147 735 deteriores
1180 714 1205 750 ‚
1252 654 1333 733 δε
1386 659 1662 759 Regiae
1710 662 2078 763 potentiae
2113 666 2242 745 diu

256 764 565 845 refistere
593 784 739 835 non
769 757 966 857 poffe
986 813 1007 848 ‚
1028 777 1150 847 ut,
1181 780 1272 854 ne
1308 758 1461 855 quis
1488 778 1728 837 tamen
1761 762 1835 837 in
1871 764 1944 839 se
1969 764 2230 840 lenitu-

256 866 497 941 dinem
540 860 1017 957 pietatemque
1076 868 1245 954 e'rga
1298 855 1484 953 ipsos
1542 858 1882 953 desideret
1918 922 1944 955 ‚
1991 861 2070 937 δι
2101 890 2232 963 pa-

257 969 397 1041 lam
425 962 507 1035 fit
539 955 901 1046 omnibus,
951 955 1023 1028 se
1057 954 1235 1028 nihil
1281 954 1510 1028 minus
1561 981 1772 1054 quam
1805 960 2228 1041 discordiam

257 1064 335 1139 <St
364 1060 614 1143 bellurn
654 1052 1047 1143 affectasse,
1078 1052 1295 1125 etiam
1335 1075 1528 1127 nunc
1561 1054 1702 1153 hoc
1733 1057 2002 1156 scripto
2038 1063 2234 1141 testi·-

253 1159 449 1243 ficari
476 1156 547 1232 se
576 1152 877 1241 voluiss‘e
910 1151 1147 1225 denuo
1184 1150 1602 1252 &Regiam
1633 1157 2084 1233 voluntatem·
2107 1161 2231 1235 de·-

251 1262 533 1335 clarare.
637 1254 967 1351 Aequum
1000 1248 1139 1323 effe
1159 1307 1181 1341 ‚
1235 1268 1313 1324 ut
1337 1274 1690 1333 memores
1728 1254 1905 1346 sint,
1956 1260 2236 1355 quoties

240 1378 386 1445 tam
440 1375 693 1430 coram
714 1407 736 1441 ,
782 1373 991 1447 quam
1018 1348 1300 1440 absens,
1332 1372 1461 1445 per
1494 1350 1758 1427 litteras
1801 1354 2234 1437 demonstra-

237 1455 334 1534 rit
369 1481 412 1549 a
448 1452 749 1529 foedere
801 1448 919 1523 illo
962 1447 1201 1521 secum
1246 1447 1469 1522 initae
1504 1450 2036 1545 Pacificationis
2079 1479 2233 1533 non

234 1558 312 1633 se
366 1548 804 1631 recessurum
842 1604 866 1639 ,
929 1564 1007 1621 ut
1060 1566 1179 1620 ote
1238 1544 1360 1621 cui
1400 1547 1851 1645 jurejurando
1913 1553 2234 1629 astrictus

224 1648 351 1747 fit,
379 1650 585 1753 quod
616 1646 750 1723 &i
803 1644 871 1745 se
905 1670 1001 1745 po
1062 1668 1145 1719 ea
1163 1646 1804 1737 ReX,adhortante
1819 1650 1930 1743 se,
1968 1654 2234 1727 confir·
2339 1726 2344 1731 .

231 1754 459 1829 marit
484 1807 508 1843 ‚
552 1767 705 1845 turn
847 1744 1129 1843 quantis
1164 1744 1520 1819 laboribus
1564 1746 2012 1825 diffenfiones
2045 1807 2068 1843 ,
2121 1750 2235 1825 of-

224 1852 729 1944 fenfionesque
761 1858 1009 1921 omnes
1042 1898 1065 1931 ,
1112 1865 1286 1941 quae
1328 1842 1881 1940 interciderunt,
1933 1874 2233 1947 compo-

229 1941 408 2027 ¹nere
457 1965 760 2020 conatus
810 1942 897 2017 fit
928 1998 952 2037 ,
1002 1942 1169 2015 licet
1232 1940 1374 2016 huc
1420 1967 1636 2043 usque
1683 1970 1950 2045 parurn⁴
1985 1949 2236 2023 admo-

102 2086 109 2095 ·
228 2050 413 2127 dum
458 2040 845 2143 profecerit
878 2098 903 2136 ,
948 2040 1398 2141 quantumvis
1462 2044 1723 2119 oblatis
1769 2048 2227 2147 acceptisque

234 2142 814 2239 conditionibus,
864 2163 1042 2239 quae
1076 2138 1457 2238 plur-imum
1504 2142 1932 2242 derogarent
1971 2149 2228 2223 autho-

228 2243 447 2321 ritati
470 2298 495 2335 ,
548 2238 1022 2341 dignitatique
1050 2294 1074 2336 ,
1122 2262 1300 2337 quae
1341 2241 1791 2341 Principibus
1839 2247 2264 2335 convenit,¹

222 2368 317 2419 eo
360 2344 443 2418 in
490 2344 721 2439 gradu
750 2358 956 2437 atque
1001 2338 1369 2435 splendore
1402 2393 1427 2431 ‚
1478 2364 1620 2437 quo
1657 2343 1822 2417 Rex
1867 2340 2009 2433 est,
2057 2367 2234 2419 con.

221 2442 501 2536 stitutis
520 2494 543 2531 ‚
592 2436 805 2536 idque
837 2437 987 2511 solo
1032 2434 1378 2529 desiderio
1396 2460 1562 2532 ,quo
1603 2456 1922 2527 teneatur
1950 2496 1973 2531 ‚
2000 2441 2238 2535 Pacis,

148 2603 155 2608 .
223 2542 312 2620 &
366 2534 993 2632 commiseratione
1038 2554 1207 2631 erga
1248 2531 1580 2613 miserum
1612 2538 1951 2637 populum
1970 2597 1993 2633 ,
2040 2538 2117 2616 ἃ
2150 2557 2237 2616 ut

214 2639 613 2718 occasione
640 2657 993 2709 armorum
1026 2629 1293 2724 sublata
1338 2634 1701 2733 sanguinis
1741 2640 2228 2737 profusionem
2273 2663 2288 2686 s

217 2758 532 2818 caveret
573 2793 597 2823 ,
661 2733 784 2832 spe
846 2730 1144 2830 quadam
1203 2733 1383 2808 hoc·
1423 2735 1642 2810 modo
1682 2737 2004 2830 satisfieri
2063 2739 2231 2838 ipfis

215 2839 433 2941 poss'e
456 2893 482 2928 ‚
528 2833 781 2926 frustra
821 2851 1055 2908 tamen
1094 2832 1371 2928 omnia,
1396 2833 1708 2914 subnatis
1736 2836 2025 2913 interim
2057 2863 2224 2952 per-

215 2930 701 3017 niciofiflimis
750 2930 1259 3010 mutationibus
1292 2991 1315 3026 ,
1382 2959 1546 3010 cum
1595 2933 1676 3012 δι
1723 2960 1916 3012 nunc
1957 2937 2234 3036 scripta

212 3039 556 3140 ipsorum
619 3053 768 3110 tam
838 3059 1031 3110 nova
1076 3055 1361 3132 tamque
1423 3034 1804 3112 insolentia
1876 3036 2226 3132 postulata

211 3134 794 3234 complectantur
830 3159 855 3226 3
902 3158 1077 3232 quae
1129 3134 1417 3234 quidem
1468 3136 1676 3210 causa
1736 3133 1958 3208 fuerit
1985 3191 2012 3227 ‚
2059 3157 2228 3228 cum
2332 3192 2342 3206 x

207 3239 496 3317 nullam
547 3233 945 3332 conspiciat
990 3233 1341 3308 rationem
1395 3253 1520 3311 aut
1554 3233 1752 3306 viam
1787 3255 2232 3332 component

207 3339 293 3414 di
328 3331 666 3432 negotii,
720 3356 845 3424 cur
880 3331 1041 3403 illuc
1076 3331 1147 3406 se
1177 3331 1567 3427 receperit,
1611 3331 2233 3428 quemadmodum

212 3437 595 3522 facturum
625 3431 698 3505 se
730 3428 1037 3503 secunda
1066 3427 1275 3526 hujus
1302 3429 1553 3504 menfis
1581 3429 1671 3501 ad
1693 3427 1900 3526 ‚ipsos
1935 3429 2232 3528 scripse-

216 3538 326 3612 rit
366 3592 391 3628 ,
444 3532 690 3624 donec
736 3529 827 3603 de
868 3527 1091 3626 Regis
1137 3527 1508 3603 voluntate
1563 3527 2026 3625 cognosceret
2053 3586 2078 3622 ,
2130 3529 2226 3602 de

208 3649 215 3656 ’
276 3659 369 3710 ua
422 3655 599 3706 cum
641 3652 831 3703 nunc
890 3626 1146 3701 certior
1192 3627 1279 3704 fit
1326 3627 1554 3702 fafitus
1597 3625 1850 3700 litteris
1901 3627 2081 3704 illius
2129 3647 2229 3720 25

282 3726 681 3828 eptembris
744 3725 1096 3802 Madritio
1153 3724 1340 3802 datis
1372 3781 1397 3816 ,
1452 3723 1745 3803 noluiss'e
1806 3724 1880 3799 se
1961 3727 2246 3802 diutius·

222 3833 425 3906 hanc
464 3829 651 3926 ipsos
683 3829 949 3904 latere:
999 3849 1159 3900 eam
1200 3850 1419 3923 porro
1466 3825 1604 3899 ess'e
1625 3881 1648 3917 ,
1702 3843 1782 3900 ut
1815 3824 2230 3902 inviolabile

219 3952 365 4028 per
430 3926 677 4000 omnia
736 3927 1196 4003 conservetur
1250 3924 1583 4000 Edictum
1656 3923 2229 4008 Pacificationis3

216 4025 546 4126 Religio
579 4028 905 4112 Romana
958 4023 1323 4101 Catholica
1370 4025 1449 4100 in
1500 4024 1867 4122 integrum
1917 4024 2234 4098 restitua-

210 4122 676 4228 3t1r3=Regi
725 4122 1431 4226 debita,0bedientia
1500 4122 1900 4231 praestetur.
1923 4177 1950 4218 ,
2019 4143 2237 4220 quam

462 4293 470 4298 ,
1215 4256 1220 4261 ·
1585 4264 1597 4286 ι
2103 4240 2236 4319 per
