3017 5200
556 532 669 631 J0.·
712 508 1115 607 Ausrmsc.
1167 550 1266 602 rr
1324 528 1518 605 ΟΜ).
1568 530 2000 605 Βειίσιτιοε.“
2152 548 2251 623 45

268 716 697 806 quamquam
720 724 985 779 temere
1013 704 1517 800 immeritoque
1544 762 1567 797 ,
1618 701 2092 803 concepiss'et',
2123 725 2256 779 cu-

278 830 369 879 ra
381 806 727 903 populum
773 806 1147 902 Belgarum
1174 804 1473 878 solvere.

352 946 357 949 ·
392 904 615 1005 Quam
646 902 995 993 Austriaci
1024 920 1339 977 mentem
1374 924 1596 976 cuma
1615 926 1730 978 me
1756 902 1979 977 rursus
2008 904 2098 978 ad
2127 924 2252 978 eos

275 1003 604 1098 ablegato
633 1000 1123 1084 intellexiss'ent
1144 1000 1455 1075 Ordines
1477 1056 1499 1090 ,
1552 1000 1824 1097 petiere
1863 1000 1992 1076 fibi
2033 1001 2252 1099 scrip-

280 1120 361 1174 to
398 1100 989 1197 -comprehensam
1040 1098 1413 1189 exhiberi,
1474 1122 1702 1197 neque
1740 1122 2016 1173 moram
2065 1098 2253 1193 feci,
2279 1177 2307 1185 ,,

277 1196 447 1297 quin
491 1198 721 1273 subito
768 1212 981 1273 manu
1027 1196 1410 1295 subscripta
1430 1253 1451 1287 ‚
1501 1220 1678 1295 quae
1721 1198 1964 1273 verbis
2017 1198 2248 1275 decla·-

272 1316 499 1370 raram
530 1352 579 1387 ‚.
624 1294 704 1371 ὅτ
763 1298 839 1372 in
890 1296 1266 1371 mandatis
1296 1296 1648 1369 habebam
1679 1354 1701 1388 ,
1778 1296 2188 1379 exhiberem
2219 1348 2248 1387 ,

267 1392 436 1492 quin
455 1396 681 1491 immo
708 1394 788 1472 ὅτ
813 1394 1321 1495 postulatorum
1352 1392 1589 1489 capita
1608 1452 1630 1485 ,
1659 1395 1820 1489 suae
1841 1394 2254 1471 Serenitatis

269 1516 493 1567 manu
525 1494 951 1591 subscripta,
1002 1492 1285 1583 addidi,
1324 1511 1402 1566 ut
1437 1492 1656 1567 fide-m
1684 1494 2048 1589 publicam
2077 1516 2254 1575 con·-

266 1592 607 1671 firmarem
732 1594 1001 1699 Quibus
1056 1592 1381 1685 omnibus
1440 1590 1780 1685 postridie
1835 1591 2094 1674 ostava
2135 1591 2250 1665 vi·-

270 1690 539 1765 delicet
586 1690 889 1804 Augusti
926 1690 1040 1767 die
1085 1689 1509 1790 respondent
1569 1690 1869 1765 Ordines
1908 1689 2256 1787 capitula·
2359 1734 2374 1749 ·

267 1788 407 1861 tim
436 1845 459 1880 ,
529 1789 609 1865 ὃς
670 1791 881 1865 mitio
910 1789 1189 1887 'gratias
1224 1789 1294 1863 se
1346 1788 1505 1861 suae
1556 1788 1937 1879 Serenitati
1985 1789 2250 1869 debere

264 1887 587 1961 fatentur
604 1945 625 1979 ,
648 1890 834 1985 quod
860 1947 881 1980 ‚
914 1886 1227 1986 privatae
1240 1886 1742 1963 existimationi
1763 1888 2130 1987 publicam
2141 1884 2249 1959 af-

269 1984 521 2059 flietae
545 1987 958 2081 provinciae
1008 1986 1275 2061 causam
1320 1986 1728 2083 praeferens
1765 1986 1859 2061 ad
1892 1985 2251 2061 declinan-

268 2082 401 2157 das
444 2085 745 2181 majores
797 2066 1587 2179 turbas‚lvoluntari‘um
1635 2110 1764 2183 pro
1815 2084 1934 2159 sua
1978 2084 2249 2183 pietate

266 2180 569 2256 offerret
612 2182 998 2274 recess'umf3
1046 2182 1301 2257 deinde
1323 2240 1344 2274 ‚
1413 2182 1649 2257 dolere
1695 2181 1820 2261 fibi
1859 2184 2251 2258 vehemen-

270 2300 383 2353 ter·
423 2281 657 2378 ajunt,
706 2282 893 2380 quod
937 2306 1061 2357 eos
1092 2304 1239 2355 non
1275 2281 1666 2373 indicaret,'
1713 2283 1962 2381 quibus
1995 2282 2254 2357 autho-

270 2378 467 2451 ribus
505 2376 797 2456 insidiae
829 2381 955 2479 ipsi
987 2381 1379 2455 intentatae
1424 2380 1707 2469 forent3
1757 2380 1967 2477 quive
2021 2377 2252 2477 ipsum

266 2476 365 2549 ‘de
404 2477 525 2549 suo
554 2478 870 2573 periculo
933 2476 1533 2577 praemonuissent
1567 2534 1590 2567 ,
1655 2502 1796 2575 quo
1826 2528 1882 2567 ,ι
1914 2476 2018 2550 rei
2059 2478 2252 2553 veri-

275 2593 425 2649 tate
505 2579 862 2674 explorata
896 2635 919 2668 ‚
978 2578 1053 2652 in
1100 2576 1282 2652 tanti
1326 2568 1598 2664 sc'eler'is
1675 2573 2042 2650 convietos
2109 2579 2250 2675 pr'o

270 2674 693 2850 eupli-instate
756 2674 1023 2776 flagitii
1076 2676 1311 2774 dignis
1372 2674 1726 2774 suppliciis
1780 2673 2252 2758 animadverti

326 2797 371 2846 o
426 2794 518 2850 et.
1203 2845 1207 2849 .
2092 2811 2094 2814 >

268 2798 323 2870 p
374 2875 747 2972 Urgebant
792 2873 1251 2949 nihilominus
1288 2931 1310 2966 ‚
1390 2893 1470 2951 ut
1528 2867 2006 2962 trecentorum
2064 2876 2244 2972 solof-

266 2974 707 3073 petariorum
746 2997 942 3047 novo
970 2975 1313 3070 praesidio
1352 2975 1532 3049 ultra
1568 2975 1886 3050 usitatam
1925 2975 2246 3072 corporis

250 3071 373 3148 sui
426 3071 818 3172 custodiam
862 3091 1237 3148 contentus
1288 3073 1423 3147 effe
1466 3076 1702 3149 vellet.
1817 3074 2245 3165 Pollicentur

265 3171 363 3244 ad
380 3169 560 3243 haec
581 3227 603 3260 ‚
619 3173 837 3244 nullas
860 3173 928 3244 se
946 3192 1307 3268 praeterea
1323 3173 1846 3268 conscripturos
1861 3172 2100 3268 copias
2118 3227 2140 3262 ,
2159 3169 2243 3246 &

261 3267 433 3367 quas
468 3269 1001 3368 conscripserint
1042 3295 1087 3345 a
1130 3271 1343 3368 fignis
1368 3269 1810 3359 -dimiffuros,
1861 3269 2092 3346 statim
2133 3287 2242 3342 at-

312 3391 402 3440 ue
440 3365 643 3438 miles
687 3369 1070 3444 Germanus
1116 3391 1157 3442 e
1200 3369 1620 3465 provinciae
1649 3367 1908 3443 finibus
1949 3365 2246 3442 edufims

257 3394 477 3542 floret.
585 3465 1180 3562 Denique‘rursus
1218 3466 1609 3554 instabant,
1640 3485 1738 3539 -ut
1778 3491 1815 3552 a
1849 3463 2119 3541 familia
2157 3463 2240 3542 &

222 3565 593 3654 ‘clientela
644 3563 785 3657 sua·-
812 3584 1173 3660 extraneos
1218 3591 1503 3656 omneS,
1551 3564 1638 3639 ἃ
1684 3565 2089 3663 praesertim
2126 3565 2243 3641 su-

266 3661 582 3757 speaos,
652 3652 980 3761 ablegare
1038 3667 1308 3757 vellet,
1372 3664 1708 3764 quoniam
1751 3664 1830 3738 hi
1881 3664 2238 3740 Ordinum

270 3758 889 3836 deliberationibus
956 3763 1479 3863 aetionibusque
1541 3765 1628 3838 ab
1695 3787 1784 3838 eo
1847 3781 2176 3863 tempore
2208 3819 2236 3856 ,

274 3881 419 3954 quo
457 3857 570 3932 sua
610 3862 961 3935 Serenitas
1010 3863 1398 3960 composito
1442 3863 1738 3946 foedere
1783 3861 1944 3961 ipsis
1990 3863 2060 3937 se
2113 3863 2238 3936 ad-

263 3953 649 4052 junxisset,
685 3959 1035 4037 obstinate
1069 3963 1460 4055 adversari,
1498 3955 2234 4059 contrariaeque-sem-

252 4078 391 4154 per
428 4051 809 4144 sententiae
841 4059 1053 4152 rfnisse:
1088 4060 1491 4156 dicerentur
1506 4119 1542 4162 2,
1584 4061 1862 4148 illorum,
1895 4060 2232 4142 nimirum

342 4209 351 4216 ·
2071 4178 2238 4260 per-
