<?xml version="1.0" encoding="UTF-8"?>
<!DOCTYPE html PUBLIC "-//W3C//DTD XHTML 1.0 Transitional//EN"
    "http://www.w3.org/TR/xhtml1/DTD/xhtml1-transitional.dtd">
<html xmlns="http://www.w3.org/1999/xhtml" xml:lang="en" lang="en">
 <head>
  <title>
</title>
<meta http-equiv="Content-Type" content="text/html;charset=utf-8" />
  <meta name='ocr-system' content='tesseract 3.04.00' />
  <meta name='ocr-capabilities' content='ocr_page ocr_carea ocr_par ocr_line ocrx_word'/>
</head>
<body>
  <div class='ocr_page' id='page_1' title='image "analectorvmbelg00graegoog_0260.png"; bbox 0 0 3017 5200; ppageno 0'>
   <div class='ocr_carea' id='block_1_1' title="bbox 802 438 2554 577">
    <p class='ocr_par' dir='ltr' id='par_1_1' title="bbox 802 438 2554 577">
     <span class='ocr_line' id='line_1_1' title="bbox 802 438 2554 577; baseline 0 -22"><span class='ocrx_word' id='word_1_1' title='bbox 802 472 913 577; x_wconf 59' lang='grc' dir='ltr'>ξι</span> <span class='ocrx_word' id='word_1_2' title='bbox 1053 474 1261 566; x_wconf 50' lang='lat' dir='ltr'>cist,</span> <span class='ocrx_word' id='word_1_3' title='bbox 1310 472 1588 551; x_wconf 62' lang='lat' dir='ltr'>Scau-1</span> <span class='ocrx_word' id='word_1_4' title='bbox 1647 438 1892 552; x_wconf 63' lang='lat' dir='ltr'>Gonu.</span> <span class='ocrx_word' id='word_1_5' title='bbox 1943 488 2044 549; x_wconf 72' lang='lat' dir='ltr'>nn</span> <span class='ocrx_word' id='word_1_6' title='bbox 2094 496 2276 553; x_wconf 68' lang='lat' dir='ltr'>uc:</span> <span class='ocrx_word' id='word_1_7' title='bbox 2325 483 2554 555; x_wconf 72' lang='lat' dir='ltr'>mm</span> 
     </span>
    </p>
   </div>
   <div class='ocr_carea' id='block_1_2' title="bbox 678 643 2870 4076">
    <p class='ocr_par' dir='ltr' id='par_1_2' title="bbox 704 643 2808 2006">
     <span class='ocr_line' id='line_1_2' title="bbox 908 643 2788 751; baseline -0.002 -22"><span class='ocrx_word' id='word_1_8' title='bbox 908 651 1041 729; x_wconf 87' lang='lat' dir='ltr'>Ast</span> <span class='ocrx_word' id='word_1_9' title='bbox 1065 674 1228 727; x_wconf 87' lang='lat' dir='ltr'>cum</span> <span class='ocrx_word' id='word_1_10' title='bbox 1258 648 1604 741; x_wconf 82' lang='lat' dir='ltr'>Ordines,</span> <span class='ocrx_word' id='word_1_11' title='bbox 1649 649 1754 722; x_wconf 87' lang='lat' dir='ltr'>uti</span> <span class='ocrx_word' id='word_1_12' title='bbox 1777 649 1979 748; x_wconf 84' lang='lat' dir='ltr'>supra</span> <span class='ocrx_word' id='word_1_13' title='bbox 2007 649 2272 725; x_wconf 64' lang='lat' dir='ltr'>dictum</span> <span class='ocrx_word' id='word_1_14' title='bbox 2304 652 2448 743; x_wconf 87' lang='lat' dir='ltr'>est,</span> <span class='ocrx_word' id='word_1_15' title='bbox 2487 643 2636 751; x_wconf 81' lang='lat' dir='ltr'>jam</span> <span class='ocrx_word' id='word_1_16' title='bbox 2669 672 2788 725; x_wconf 58' lang='lat' dir='ltr'>rea</span> 
     </span>
     <span class='ocr_line' id='line_1_3' title="bbox 806 746 2781 840; baseline 0 -14"><span class='ocrx_word' id='word_1_17' title='bbox 806 752 858 827; x_wconf 82' lang='lat' dir='ltr'><strong>s</strong></span> <span class='ocrx_word' id='word_1_18' title='bbox 937 750 1247 825; x_wconf 86' lang='lat' dir='ltr'>nfionem</span> <span class='ocrx_word' id='word_1_19' title='bbox 1262 748 1455 822; x_wconf 73' lang='lat' dir='ltr'>suam</span> <span class='ocrx_word' id='word_1_20' title='bbox 1486 746 1989 840; x_wconf 79' lang='lat' dir='ltr'>confeciss&#39;ent,</span> <span class='ocrx_word' id='word_1_21' title='bbox 2026 752 2294 825; x_wconf 86' lang='lat' dir='ltr'>nullum</span> <span class='ocrx_word' id='word_1_22' title='bbox 2321 774 2520 825; x_wconf 85' lang='lat' dir='ltr'>meae</span> <span class='ocrx_word' id='word_1_23' title='bbox 2565 764 2781 825; x_wconf 83' lang='lat' dir='ltr'>excu-</span> 
     </span>
     <span class='ocr_line' id='line_1_4' title="bbox 846 844 2784 947; baseline 0 -24"><span class='ocrx_word' id='word_1_24' title='bbox 846 846 1071 924; x_wconf 82' lang='lat' dir='ltr'>ationi</span> <span class='ocrx_word' id='word_1_25' title='bbox 1112 850 1359 923; x_wconf 89' lang='lat' dir='ltr'>locum</span> <span class='ocrx_word' id='word_1_26' title='bbox 1396 846 1641 921; x_wconf 77' lang='lat' dir='ltr'><strong>dantes</strong></span> <span class='ocrx_word' id='word_1_27' title='bbox 1657 900 1682 937; x_wconf 92' lang='lat'>‚</span> <span class='ocrx_word' id='word_1_28' title='bbox 1735 844 2068 925; x_wconf 85' lang='lat' dir='ltr'>instanter</span> <span class='ocrx_word' id='word_1_29' title='bbox 2111 872 2229 922; x_wconf 89' lang='lat' dir='ltr'>me</span> <span class='ocrx_word' id='word_1_30' title='bbox 2272 850 2506 924; x_wconf 89' lang='lat' dir='ltr'>denuo</span> <span class='ocrx_word' id='word_1_31' title='bbox 2531 872 2784 947; x_wconf 85' lang='lat' dir='ltr'>rogare</span> 
     </span>
     <span class='ocr_line' id='line_1_5' title="bbox 808 944 2808 1047; baseline -0.001 -26"><span class='ocrx_word' id='word_1_32' title='bbox 808 966 1205 1047; x_wconf 89' lang='lat' dir='ltr'>coeperunt</span> <span class='ocrx_word' id='word_1_33' title='bbox 1237 1002 1261 1036; x_wconf 90' lang='lat'><strong>,</strong></span> <span class='ocrx_word' id='word_1_34' title='bbox 1325 956 1407 1021; x_wconf 89' lang='lat' dir='ltr'>ut</span> <span class='ocrx_word' id='word_1_35' title='bbox 1448 944 2012 1042; x_wconf 85' lang='lat' dir='ltr'>quandoquidem</span> <span class='ocrx_word' id='word_1_36' title='bbox 2049 945 2422 1045; x_wconf 81' lang='lat' dir='ltr'><strong>diligentia</strong></span> <span class='ocrx_word' id='word_1_37' title='bbox 2473 946 2554 1023; x_wconf 69' lang='grc' dir='ltr'>ἃ</span> <span class='ocrx_word' id='word_1_38' title='bbox 2607 970 2808 1021; x_wconf 55' lang='lat' dir='ltr'>cura»</span> 
     </span>
     <span class='ocr_line' id='line_1_6' title="bbox 806 1040 2776 1143; baseline -0.001 -22"><span class='ocrx_word' id='word_1_39' title='bbox 806 1068 971 1121; x_wconf 84' lang='lat' dir='ltr'>mea</span> <span class='ocrx_word' id='word_1_40' title='bbox 1020 1042 1397 1143; x_wconf 86' lang='lat' dir='ltr'>negotium</span> <span class='ocrx_word' id='word_1_41' title='bbox 1440 1040 1774 1117; x_wconf 66' lang='lat' dir='ltr'>hastenus</span> <span class='ocrx_word' id='word_1_42' title='bbox 1801 1044 2300 1139; x_wconf 69' lang='lat' dir='ltr'>promovissem</span> <span class='ocrx_word' id='word_1_43' title='bbox 2336 1102 2358 1136; x_wconf 94' lang='lat'>‚</span> <span class='ocrx_word' id='word_1_44' title='bbox 2427 1064 2508 1119; x_wconf 91' lang='lat' dir='ltr'>ut</span> <span class='ocrx_word' id='word_1_45' title='bbox 2540 1044 2776 1120; x_wconf 83' lang='lat' dir='ltr'>existi-</span> 
     </span>
     <span class='ocr_line' id='line_1_7' title="bbox 704 1141 2776 1241; baseline -0.001 -22"><span class='ocrx_word' id='word_1_46' title='bbox 704 1193 707 1201; x_wconf 86' lang='lat'>·</span> <span class='ocrx_word' id='word_1_47' title='bbox 796 1162 1009 1219; x_wconf 81' lang='lat' dir='ltr'>ment</span> <span class='ocrx_word' id='word_1_48' title='bbox 1058 1141 1133 1217; x_wconf 89' lang='lat' dir='ltr'>in</span> <span class='ocrx_word' id='word_1_49' title='bbox 1183 1161 1471 1241; x_wconf 85' lang='lat' dir='ltr'>portum</span> <span class='ocrx_word' id='word_1_50' title='bbox 1498 1141 1650 1239; x_wconf 86' lang='lat' dir='ltr'>jam</span> <span class='ocrx_word' id='word_1_51' title='bbox 1695 1162 1922 1239; x_wconf 86' lang='lat' dir='ltr'>paene</span> <span class='ocrx_word' id='word_1_52' title='bbox 1966 1161 2388 1240; x_wconf 87' lang='lat' dir='ltr'>perventum</span> <span class='ocrx_word' id='word_1_53' title='bbox 2431 1142 2570 1217; x_wconf 85' lang='lat' dir='ltr'>effe</span> <span class='ocrx_word' id='word_1_54' title='bbox 2605 1200 2632 1237; x_wconf 84' lang='lat'>‚</span> <span class='ocrx_word' id='word_1_55' title='bbox 2682 1167 2776 1217; x_wconf 90' lang='lat' dir='ltr'>ne</span> 
     </span>
     <span class='ocr_line' id='line_1_8' title="bbox 802 1238 2776 1340; baseline -0.002 -21"><span class='ocrx_word' id='word_1_56' title='bbox 802 1240 887 1319; x_wconf 86' lang='lat' dir='ltr'>id</span> <span class='ocrx_word' id='word_1_57' title='bbox 919 1240 1145 1339; x_wconf 87' lang='lat' dir='ltr'>ipsum</span> <span class='ocrx_word' id='word_1_58' title='bbox 1176 1264 1371 1315; x_wconf 89' lang='lat' dir='ltr'>nunc</span> <span class='ocrx_word' id='word_1_59' title='bbox 1407 1238 1715 1314; x_wconf 82' lang='lat' dir='ltr'>deseram</span> <span class='ocrx_word' id='word_1_60' title='bbox 1735 1294 1758 1330; x_wconf 90' lang='lat'><strong><em>‚</em></strong></span> <span class='ocrx_word' id='word_1_61' title='bbox 1807 1238 1926 1313; x_wconf 88' lang='lat' dir='ltr'>sed</span> <span class='ocrx_word' id='word_1_62' title='bbox 1959 1242 2305 1340; x_wconf 89' lang='lat' dir='ltr'>perficere</span> <span class='ocrx_word' id='word_1_63' title='bbox 2332 1241 2590 1330; x_wconf 81' lang='lat' dir='ltr'>velim3</span> <span class='ocrx_word' id='word_1_64' title='bbox 2643 1240 2776 1315; x_wconf 85' lang='lat' dir='ltr'>hu·</span> 
     </span>
     <span class='ocr_line' id='line_1_9' title="bbox 798 1337 2777 1439; baseline 0.001 -25"><span class='ocrx_word' id='word_1_65' title='bbox 798 1342 919 1439; x_wconf 81' lang='lat' dir='ltr'>jus</span> <span class='ocrx_word' id='word_1_66' title='bbox 933 1340 1299 1413; x_wconf 83' lang='lat' dir='ltr'>enimvero</span> <span class='ocrx_word' id='word_1_67' title='bbox 1316 1340 1502 1413; x_wconf 81' lang='lat' dir='ltr'>bona</span> <span class='ocrx_word' id='word_1_68' title='bbox 1530 1337 1830 1435; x_wconf 85' lang='lat' dir='ltr'>quadam</span> <span class='ocrx_word' id='word_1_69' title='bbox 1844 1338 1964 1435; x_wconf 88' lang='lat' dir='ltr'>spe</span> <span class='ocrx_word' id='word_1_70' title='bbox 1990 1338 2305 1413; x_wconf 84' lang='lat' dir='ltr'>omnium</span> <span class='ocrx_word' id='word_1_71' title='bbox 2318 1342 2467 1439; x_wconf 83' lang='lat' dir='ltr'>jam</span> <span class='ocrx_word' id='word_1_72' title='bbox 2497 1338 2777 1415; x_wconf 84' lang='lat' dir='ltr'>animos</span> 
     </span>
     <span class='ocr_line' id='line_1_10' title="bbox 808 1434 2774 1541; baseline -0.001 -28"><span class='ocrx_word' id='word_1_73' title='bbox 808 1438 1059 1513; x_wconf 87' lang='lat' dir='ltr'>teneri.</span> <span class='ocrx_word' id='word_1_74' title='bbox 1086 1436 1269 1541; x_wconf 74' lang='lat' dir='ltr'>Qtia</span> <span class='ocrx_word' id='word_1_75' title='bbox 1286 1458 1457 1511; x_wconf 86' lang='lat' dir='ltr'>vero</span> <span class='ocrx_word' id='word_1_76' title='bbox 1470 1434 1841 1510; x_wconf 88' lang='lat' dir='ltr'>insolentia</span> <span class='ocrx_word' id='word_1_77' title='bbox 1853 1435 1968 1509; x_wconf 85' lang='lat' dir='ltr'>illa</span> <span class='ocrx_word' id='word_1_78' title='bbox 1990 1436 2260 1513; x_wconf 82' lang='lat' dir='ltr'>civium</span> <span class='ocrx_word' id='word_1_79' title='bbox 2287 1436 2589 1515; x_wconf 87' lang='lat' dir='ltr'>offensus</span> <span class='ocrx_word' id='word_1_80' title='bbox 2607 1462 2774 1537; x_wconf 83' lang='lat' dir='ltr'>gra-</span> 
     </span>
     <span class='ocr_line' id='line_1_11' title="bbox 810 1531 2776 1634; baseline -0.001 -23"><span class='ocrx_word' id='word_1_81' title='bbox 810 1536 1004 1611; x_wconf 84' lang='lat' dir='ltr'>viter</span> <span class='ocrx_word' id='word_1_82' title='bbox 1036 1557 1497 1631; x_wconf 83' lang='lat' dir='ltr'>conquererer</span> <span class='ocrx_word' id='word_1_83' title='bbox 1527 1531 1616 1606; x_wconf 88' lang='lat' dir='ltr'>de</span> <span class='ocrx_word' id='word_1_84' title='bbox 1645 1549 1944 1633; x_wconf 84' lang='lat' dir='ltr'>accepta</span> <span class='ocrx_word' id='word_1_85' title='bbox 1971 1533 2224 1634; x_wconf 83' lang='lat' dir='ltr'>injuria</span> <span class='ocrx_word' id='word_1_86' title='bbox 2242 1592 2265 1626; x_wconf 88' lang='lat'><strong>,</strong></span> <span class='ocrx_word' id='word_1_87' title='bbox 2303 1556 2668 1614; x_wconf 86' lang='lat' dir='ltr'>curaturos</span> <span class='ocrx_word' id='word_1_88' title='bbox 2701 1536 2776 1611; x_wconf 88' lang='lat' dir='ltr'>se</span> 
     </span>
     <span class='ocr_line' id='line_1_12' title="bbox 804 1631 2774 1733; baseline -0.001 -24"><span class='ocrx_word' id='word_1_89' title='bbox 804 1636 1095 1731; x_wconf 76' lang='lat' dir='ltr'>ajebant</span> <span class='ocrx_word' id='word_1_90' title='bbox 1116 1690 1137 1725; x_wconf 90' lang='lat'>‚</span> <span class='ocrx_word' id='word_1_91' title='bbox 1189 1651 1268 1708; x_wconf 87' lang='lat' dir='ltr'>ut</span> <span class='ocrx_word' id='word_1_92' title='bbox 1310 1631 1714 1707; x_wconf 64' lang='lat' dir='ltr'>octodecim</span> <span class='ocrx_word' id='word_1_93' title='bbox 1763 1631 1865 1707; x_wconf 89' lang='lat' dir='ltr'>illi</span> <span class='ocrx_word' id='word_1_94' title='bbox 1886 1688 1910 1722; x_wconf 90' lang='lat'>,</span> <span class='ocrx_word' id='word_1_95' title='bbox 1974 1658 2153 1731; x_wconf 87' lang='lat' dir='ltr'>quos</span> <span class='ocrx_word' id='word_1_96' title='bbox 2193 1637 2388 1733; x_wconf 90' lang='lat' dir='ltr'>plebs</span> <span class='ocrx_word' id='word_1_97' title='bbox 2431 1633 2558 1710; x_wconf 87' lang='lat' dir='ltr'>fibi</span> <span class='ocrx_word' id='word_1_98' title='bbox 2601 1634 2774 1709; x_wconf 89' lang='lat' dir='ltr'>Tri·</span> 
     </span>
     <span class='ocr_line' id='line_1_13' title="bbox 808 1728 2772 1831; baseline -0.002 -22"><span class='ocrx_word' id='word_1_99' title='bbox 808 1734 1041 1809; x_wconf 85' lang='lat' dir='ltr'>bunos</span> <span class='ocrx_word' id='word_1_100' title='bbox 1068 1728 1431 1829; x_wconf 81' lang='lat' dir='ltr'>delegiffet</span> <span class='ocrx_word' id='word_1_101' title='bbox 1449 1787 1474 1822; x_wconf 89' lang='lat'><strong>,</strong></span> <span class='ocrx_word' id='word_1_102' title='bbox 1494 1728 1808 1805; x_wconf 87' lang='lat' dir='ltr'>officium</span> <span class='ocrx_word' id='word_1_103' title='bbox 1837 1728 1978 1804; x_wconf 93' lang='lat' dir='ltr'>hoc</span> <span class='ocrx_word' id='word_1_104' title='bbox 2005 1756 2046 1805; x_wconf 82' lang='lat' dir='ltr'>a</span> <span class='ocrx_word' id='word_1_105' title='bbox 2064 1754 2182 1805; x_wconf 88' lang='lat' dir='ltr'>me</span> <span class='ocrx_word' id='word_1_106' title='bbox 2210 1733 2616 1831; x_wconf 73' lang='lat' dir='ltr'>requisitum</span> <span class='ocrx_word' id='word_1_107' title='bbox 2643 1756 2772 1807; x_wconf 87' lang='lat' dir='ltr'>ve-</span> 
     </span>
     <span class='ocr_line' id='line_1_14' title="bbox 804 1828 2780 1931; baseline 0 -24"><span class='ocrx_word' id='word_1_108' title='bbox 804 1830 1009 1907; x_wconf 88' lang='lat' dir='ltr'>niant</span> <span class='ocrx_word' id='word_1_109' title='bbox 1028 1886 1052 1920; x_wconf 90' lang='lat'>‚</span> <span class='ocrx_word' id='word_1_110' title='bbox 1104 1854 1243 1929; x_wconf 89' lang='lat' dir='ltr'>quo</span> <span class='ocrx_word' id='word_1_111' title='bbox 1275 1828 1385 1907; x_wconf 71' lang='lat' dir='ltr'>kris</span> <span class='ocrx_word' id='word_1_112' title='bbox 1420 1829 1694 1928; x_wconf 86' lang='lat' dir='ltr'>negotii</span> <span class='ocrx_word' id='word_1_113' title='bbox 1725 1828 2020 1904; x_wconf 89' lang='lat' dir='ltr'>consciis</span> <span class='ocrx_word' id='word_1_114' title='bbox 2041 1830 2426 1911; x_wconf 86' lang='lat' dir='ltr'>consensus</span> <span class='ocrx_word' id='word_1_115' title='bbox 2453 1829 2780 1931; x_wconf 84' lang='lat' dir='ltr'>publicus</span> 
     </span>
     <span class='ocr_line' id='line_1_15' title="bbox 807 1928 1549 2006; baseline -0.001 -1"><span class='ocrx_word' id='word_1_116' title='bbox 807 1931 1155 2006; x_wconf 76' lang='lat' dir='ltr'>accedere</span> <span class='ocrx_word' id='word_1_117' title='bbox 1200 1928 1549 2004; x_wconf 86' lang='lat' dir='ltr'>videatur.</span> 
     </span>
    </p>

    <p class='ocr_par' dir='ltr' id='par_1_3' title="bbox 785 2028 2784 2417">
     <span class='ocr_line' id='line_1_16' title="bbox 906 2028 2780 2138; baseline 0.001 -37"><span class='ocrx_word' id='word_1_118' title='bbox 906 2028 1026 2101; x_wconf 82' lang='lat' dir='ltr'>Ad</span> <span class='ocrx_word' id='word_1_119' title='bbox 1109 2050 1239 2100; x_wconf 83' lang='lat' dir='ltr'>uae</span> <span class='ocrx_word' id='word_1_120' title='bbox 1274 2050 1409 2122; x_wconf 88' lang='lat' dir='ltr'>ego</span> <span class='ocrx_word' id='word_1_121' title='bbox 1430 2082 1473 2117; x_wconf 16' lang='lat'>‚⁸</span> <span class='ocrx_word' id='word_1_122' title='bbox 1502 2048 1916 2138; x_wconf 75' lang='lat' dir='ltr'>quamquam</span> <span class='ocrx_word' id='word_1_123' title='bbox 1955 2051 2038 2101; x_wconf 85' lang='lat' dir='ltr'>ae</span> <span class='ocrx_word' id='word_1_124' title='bbox 2124 2052 2166 2103; x_wconf 89' lang='lat' dir='ltr'>e</span> <span class='ocrx_word' id='word_1_125' title='bbox 2204 2028 2478 2127; x_wconf 85' lang='lat' dir='ltr'>injuriis</span> <span class='ocrx_word' id='word_1_126' title='bbox 2509 2030 2588 2107; x_wconf 68' lang='grc' dir='ltr'><strong>ἃ</strong></span> <span class='ocrx_word' id='word_1_127' title='bbox 2625 2054 2780 2103; x_wconf 89' lang='lat' dir='ltr'>mo-</span> 
     </span>
     <span class='ocr_line' id='line_1_17' title="bbox 802 2123 2782 2217; baseline 0.002 -17"><span class='ocrx_word' id='word_1_128' title='bbox 802 2124 1022 2201; x_wconf 86' lang='lat' dir='ltr'>lestiis</span> <span class='ocrx_word' id='word_1_129' title='bbox 1110 2123 1478 2213; x_wconf 84' lang='lat' dir='ltr'>eterritus,</span> <span class='ocrx_word' id='word_1_130' title='bbox 1525 2124 1856 2201; x_wconf 67' lang='lat' dir='ltr'>lndustus</span> <span class='ocrx_word' id='word_1_131' title='bbox 1901 2144 2020 2199; x_wconf 87' lang='lat' dir='ltr'>tan</span> <span class='ocrx_word' id='word_1_132' title='bbox 2071 2150 2226 2217; x_wconf 72' lang='lat' dir='ltr'>em,</span> <span class='ocrx_word' id='word_1_133' title='bbox 2273 2152 2438 2201; x_wconf 88' lang='lat' dir='ltr'>cum</span> <span class='ocrx_word' id='word_1_134' title='bbox 2475 2154 2566 2206; x_wconf 86' lang='lat' dir='ltr'>ex</span> <span class='ocrx_word' id='word_1_135' title='bbox 2623 2128 2782 2203; x_wconf 88' lang='lat' dir='ltr'>offi-</span> 
     </span>
     <span class='ocr_line' id='line_1_18' title="bbox 785 2218 2778 2325; baseline 0.001 -27"><span class='ocrx_word' id='word_1_136' title='bbox 785 2224 970 2314; x_wconf 86' lang='lat' dir='ltr'>·ci0,</span> <span class='ocrx_word' id='word_1_137' title='bbox 1023 2241 1175 2297; x_wconf 89' lang='lat' dir='ltr'>tum</span> <span class='ocrx_word' id='word_1_138' title='bbox 1210 2218 1291 2295; x_wconf 74' lang='grc' dir='ltr'>δι</span> <span class='ocrx_word' id='word_1_139' title='bbox 1320 2246 1455 2321; x_wconf 88' lang='lat' dir='ltr'>pro</span> <span class='ocrx_word' id='word_1_140' title='bbox 1489 2220 1597 2295; x_wconf 87' lang='lat' dir='ltr'>rei</span> <span class='ocrx_word' id='word_1_141' title='bbox 1623 2222 2108 2320; x_wconf 82' lang='lat' dir='ltr'>temporisque</span> <span class='ocrx_word' id='word_1_142' title='bbox 2135 2224 2501 2299; x_wconf 76' lang='lat' dir='ltr'>occasione</span> <span class='ocrx_word' id='word_1_143' title='bbox 2522 2283 2547 2316; x_wconf 89' lang='lat'>‚</span> <span class='ocrx_word' id='word_1_144' title='bbox 2590 2228 2778 2325; x_wconf 90' lang='lat' dir='ltr'>peti-</span> 
     </span>
     <span class='ocr_line' id='line_1_19' title="bbox 808 2318 2784 2417; baseline -0.002 -17"><span class='ocrx_word' id='word_1_145' title='bbox 808 2322 1001 2400; x_wconf 85' lang='lat' dir='ltr'>tioni</span> <span class='ocrx_word' id='word_1_146' title='bbox 1042 2318 1349 2417; x_wconf 88' lang='lat' dir='ltr'>ipsorum</span> <span class='ocrx_word' id='word_1_147' title='bbox 1402 2318 1698 2410; x_wconf 77' lang='lat' dir='ltr'>affenfi3</span> <span class='ocrx_word' id='word_1_148' title='bbox 1764 2343 1851 2395; x_wconf 85' lang='lat' dir='ltr'>ea</span> <span class='ocrx_word' id='word_1_149' title='bbox 1887 2340 2126 2396; x_wconf 77' lang='lat' dir='ltr'>tamen</span> <span class='ocrx_word' id='word_1_150' title='bbox 2175 2322 2590 2397; x_wconf 88' lang='lat' dir='ltr'>conditione</span> <span class='ocrx_word' id='word_1_151' title='bbox 2609 2377 2640 2411; x_wconf 90' lang='lat'>‚</span> <span class='ocrx_word' id='word_1_152' title='bbox 2712 2344 2784 2397; x_wconf 88' lang='lat' dir='ltr'>ut</span> 
     </span>
    </p>

    <p class='ocr_par' dir='ltr' id='par_1_4' title="bbox 678 2416 2870 4076">
     <span class='ocr_line' id='line_1_20' title="bbox 865 2416 2778 2519; baseline 0 -23"><span class='ocrx_word' id='word_1_153' title='bbox 865 2446 1032 2496; x_wconf 88' lang='lat' dir='ltr'>uum</span> <span class='ocrx_word' id='word_1_154' title='bbox 1068 2436 1353 2491; x_wconf 79' lang='lat' dir='ltr'>eatenus</span> <span class='ocrx_word' id='word_1_155' title='bbox 1384 2416 1816 2515; x_wconf 78' lang='lat' dir='ltr'>progress’um</span> <span class='ocrx_word' id='word_1_156' title='bbox 1859 2416 1981 2509; x_wconf 85' lang='lat' dir='ltr'>fit,</span> <span class='ocrx_word' id='word_1_157' title='bbox 2028 2439 2110 2493; x_wconf 92' lang='lat' dir='ltr'>ut</span> <span class='ocrx_word' id='word_1_158' title='bbox 2153 2422 2300 2517; x_wconf 87' lang='lat' dir='ltr'>jam</span> <span class='ocrx_word' id='word_1_159' title='bbox 2332 2422 2542 2519; x_wconf 85' lang='lat' dir='ltr'>plane</span> <span class='ocrx_word' id='word_1_160' title='bbox 2583 2421 2778 2495; x_wconf 89' lang='lat' dir='ltr'>deci-</span> 
     </span>
     <span class='ocr_line' id='line_1_21' title="bbox 810 2447 2781 2617; baseline -0.001 -22"><span class='ocrx_word' id='word_1_161' title='bbox 810 2447 1125 2595; x_wconf 60' lang='lat' dir='ltr'>dendum</span> <span class='ocrx_word' id='word_1_162' title='bbox 1166 2516 1523 2592; x_wconf 87' lang='lat' dir='ltr'>videretur</span> <span class='ocrx_word' id='word_1_163' title='bbox 1560 2572 1584 2608; x_wconf 89' lang='lat'><strong>,</strong></span> <span class='ocrx_word' id='word_1_164' title='bbox 1645 2512 1724 2591; x_wconf 85' lang='lat'>&amp;</span> <span class='ocrx_word' id='word_1_165' title='bbox 1772 2515 2270 2592; x_wconf 82' lang='lat' dir='ltr'>absolvendum</span> <span class='ocrx_word' id='word_1_166' title='bbox 2291 2574 2314 2610; x_wconf 91' lang='lat'>,</span> <span class='ocrx_word' id='word_1_167' title='bbox 2364 2519 2556 2617; x_wconf 90' lang='lat' dir='ltr'>quod</span> <span class='ocrx_word' id='word_1_168' title='bbox 2597 2520 2781 2594; x_wconf 82' lang='lat' dir='ltr'>tanti</span> 
     </span>
     <span class='ocr_line' id='line_1_22' title="bbox 678 2613 2778 2716; baseline -0.002 -20"><span class='ocrx_word' id='word_1_169' title='bbox 678 2683 689 2696; x_wconf 86' lang='lat'><strong>.</strong></span> <span class='ocrx_word' id='word_1_170' title='bbox 788 2617 979 2694; x_wconf 70' lang='lat' dir='ltr'>&#39;ess&#39;et</span> <span class='ocrx_word' id='word_1_171' title='bbox 1003 2615 1341 2716; x_wconf 84' lang='lat' dir='ltr'>ponderis</span> <span class='ocrx_word' id='word_1_172' title='bbox 1362 2671 1384 2708; x_wconf 88' lang='lat'><em>,</em></span> <span class='ocrx_word' id='word_1_173' title='bbox 1433 2613 1749 2714; x_wconf 80' lang='lat' dir='ltr'>tantique</span> <span class='ocrx_word' id='word_1_174' title='bbox 1795 2615 2179 2704; x_wconf 84' lang='lat' dir='ltr'>momenti,</span> <span class='ocrx_word' id='word_1_175' title='bbox 2233 2636 2316 2692; x_wconf 90' lang='lat' dir='ltr'>ut</span> <span class='ocrx_word' id='word_1_176' title='bbox 2357 2616 2429 2710; x_wconf 87' lang='lat' dir='ltr'>in</span> <span class='ocrx_word' id='word_1_177' title='bbox 2477 2643 2564 2693; x_wconf 91' lang='lat' dir='ltr'>eo</span> <span class='ocrx_word' id='word_1_178' title='bbox 2603 2643 2778 2694; x_wconf 89' lang='lat' dir='ltr'>con-</span> 
     </span>
     <span class='ocr_line' id='line_1_23' title="bbox 810 2707 2777 2810; baseline -0.001 -19"><span class='ocrx_word' id='word_1_179' title='bbox 810 2713 951 2792; x_wconf 88' lang='lat' dir='ltr'>stet</span> <span class='ocrx_word' id='word_1_180' title='bbox 996 2733 1221 2789; x_wconf 82' lang='lat' dir='ltr'>totam</span> <span class='ocrx_word' id='word_1_181' title='bbox 1266 2710 1734 2810; x_wconf 83' lang='lat' dir='ltr'>Reipublicae</span> <span class='ocrx_word' id='word_1_182' title='bbox 1780 2715 2070 2788; x_wconf 80' lang='lat' dir='ltr'>salutem</span> <span class='ocrx_word' id='word_1_183' title='bbox 2115 2713 2254 2790; x_wconf 82' lang='lat' dir='ltr'>ess&#39;e</span> <span class='ocrx_word' id='word_1_184' title='bbox 2301 2707 2777 2808; x_wconf 78' lang='lat' dir='ltr'>collocatam3</span> 
     </span>
     <span class='ocr_line' id='line_1_24' title="bbox 808 2811 2778 2906; baseline 0.001 -18"><span class='ocrx_word' id='word_1_185' title='bbox 808 2837 907 2888; x_wconf 87' lang='lat' dir='ltr'>ne</span> <span class='ocrx_word' id='word_1_186' title='bbox 970 2815 1249 2905; x_wconf 73' lang='lat' dir='ltr'>tantum</span> <span class='ocrx_word' id='word_1_187' title='bbox 1302 2836 1479 2886; x_wconf 91' lang='lat' dir='ltr'>onus</span> <span class='ocrx_word' id='word_1_188' title='bbox 1523 2811 1702 2888; x_wconf 90' lang='lat' dir='ltr'>solus</span> <span class='ocrx_word' id='word_1_189' title='bbox 1754 2811 2152 2888; x_wconf 87' lang='lat' dir='ltr'>sustinerem</span> <span class='ocrx_word' id='word_1_190' title='bbox 2193 2871 2216 2906; x_wconf 94' lang='lat'><strong>,</strong></span> <span class='ocrx_word' id='word_1_191' title='bbox 2295 2814 2416 2890; x_wconf 86' lang='lat' dir='ltr'>alii</span> <span class='ocrx_word' id='word_1_192' title='bbox 2462 2816 2778 2890; x_wconf 85' lang='lat' dir='ltr'>nonnulli</span> 
     </span>
     <span class='ocr_line' id='line_1_25' title="bbox 808 2909 2776 3010; baseline 0 -23"><span class='ocrx_word' id='word_1_193' title='bbox 808 2912 1241 2987; x_wconf 80' lang='lat' dir='ltr'>authoritate</span> <span class='ocrx_word' id='word_1_194' title='bbox 1276 2909 1585 3008; x_wconf 85' lang='lat' dir='ltr'>praediti</span> <span class='ocrx_word' id='word_1_195' title='bbox 1637 2909 1778 2986; x_wconf 89' lang='lat' dir='ltr'>deli</span> <span class='ocrx_word' id='word_1_196' title='bbox 1830 2930 2076 3004; x_wconf 87' lang='lat' dir='ltr'>antur,</span> <span class='ocrx_word' id='word_1_197' title='bbox 2100 2933 2104 2940; x_wconf 87' lang='lat'>·</span> <span class='ocrx_word' id='word_1_198' title='bbox 2125 2913 2248 3010; x_wconf 88' lang='lat' dir='ltr'>qui</span> <span class='ocrx_word' id='word_1_199' title='bbox 2287 2936 2405 2986; x_wconf 86' lang='lat' dir='ltr'>me</span> <span class='ocrx_word' id='word_1_200' title='bbox 2447 2917 2534 2990; x_wconf 85' lang='lat' dir='ltr'>ab</span> <span class='ocrx_word' id='word_1_201' title='bbox 2589 2914 2776 2990; x_wconf 84' lang='lat' dir='ltr'>invi-</span> 
     </span>
     <span class='ocr_line' id='line_1_26' title="bbox 814 2937 2777 3108; baseline -0.002 -20"><span class='ocrx_word' id='word_1_202' title='bbox 814 3012 936 3088; x_wconf 84' lang='lat' dir='ltr'>dia</span> <span class='ocrx_word' id='word_1_203' title='bbox 964 3007 1282 3108; x_wconf 85' lang='lat' dir='ltr'>populari</span> <span class='ocrx_word' id='word_1_204' title='bbox 1302 3006 1683 3084; x_wconf 83' lang='lat' dir='ltr'>vindicent</span> <span class='ocrx_word' id='word_1_205' title='bbox 1701 3065 1727 3102; x_wconf 83' lang='lat'>‚</span> <span class='ocrx_word' id='word_1_206' title='bbox 1753 2937 1834 3086; x_wconf 60' lang='grc' dir='ltr'>(ξ</span> <span class='ocrx_word' id='word_1_207' title='bbox 1871 3035 2050 3088; x_wconf 87' lang='lat' dir='ltr'>onus</span> <span class='ocrx_word' id='word_1_208' title='bbox 2078 3011 2225 3088; x_wconf 85' lang='lat' dir='ltr'>hoc</span> <span class='ocrx_word' id='word_1_209' title='bbox 2253 3036 2534 3088; x_wconf 87' lang='lat' dir='ltr'>mecum</span> <span class='ocrx_word' id='word_1_210' title='bbox 2567 3012 2777 3089; x_wconf 85' lang='lat' dir='ltr'>susci-</span> 
     </span>
     <span class='ocr_line' id='line_1_27' title="bbox 736 3107 2777 3210; baseline 0.001 -26"><span class='ocrx_word' id='word_1_211' title='bbox 736 3135 742 3139; x_wconf 50' lang='lat'>*</span> <span class='ocrx_word' id='word_1_212' title='bbox 808 3111 1057 3210; x_wconf 71' lang='lat' dir='ltr'>piant,</span> <span class='ocrx_word' id='word_1_213' title='bbox 1113 3132 1254 3184; x_wconf 88' lang='lat' dir='ltr'>una</span> <span class='ocrx_word' id='word_1_214' title='bbox 1282 3107 1854 3206; x_wconf 82' lang='lat' dir='ltr'>proficiscantur,</span> <span class='ocrx_word' id='word_1_215' title='bbox 1887 3133 2045 3182; x_wconf 78' lang='lat' dir='ltr'>eam</span> <span class='ocrx_word' id='word_1_216' title='bbox 2075 3110 2409 3208; x_wconf 78' lang='lat' dir='ltr'>siquidem</span> <span class='ocrx_word' id='word_1_217' title='bbox 2441 3109 2580 3196; x_wconf 78' lang='lat' dir='ltr'>effe</span> <span class='ocrx_word' id='word_1_218' title='bbox 2609 3136 2777 3186; x_wconf 81' lang='lat' dir='ltr'>cau-</span> 
     </span>
     <span class='ocr_line' id='line_1_28' title="bbox 808 3207 2776 3307; baseline -0.001 -23"><span class='ocrx_word' id='word_1_219' title='bbox 808 3208 956 3284; x_wconf 83' lang='lat' dir='ltr'>sam</span> <span class='ocrx_word' id='word_1_220' title='bbox 990 3227 1267 3304; x_wconf 87' lang='lat' dir='ltr'>tamque</span> <span class='ocrx_word' id='word_1_221' title='bbox 1294 3231 1590 3304; x_wconf 82' lang='lat' dir='ltr'>gravem</span> <span class='ocrx_word' id='word_1_222' title='bbox 1609 3263 1630 3298; x_wconf 87' lang='lat'><strong>,</strong></span> <span class='ocrx_word' id='word_1_223' title='bbox 1681 3229 1760 3284; x_wconf 88' lang='lat' dir='ltr'>ut</span> <span class='ocrx_word' id='word_1_224' title='bbox 1784 3207 2088 3307; x_wconf 82' lang='lat' dir='ltr'>plurium</span> <span class='ocrx_word' id='word_1_225' title='bbox 2118 3209 2462 3306; x_wconf 84' lang='lat' dir='ltr'>judicium</span> <span class='ocrx_word' id='word_1_226' title='bbox 2493 3207 2576 3284; x_wconf 84' lang='lat'>&amp;</span> <span class='ocrx_word' id='word_1_227' title='bbox 2605 3234 2776 3284; x_wconf 90' lang='lat' dir='ltr'>con·</span> 
     </span>
     <span class='ocr_line' id='line_1_29' title="bbox 706 3305 2774 3406; baseline 0.001 -23"><span class='ocrx_word' id='word_1_228' title='bbox 706 3385 715 3389; x_wconf 72' lang='grc'><strong>,</strong></span> <span class='ocrx_word' id='word_1_229' title='bbox 806 3306 959 3385; x_wconf 83' lang='lat' dir='ltr'>filia</span> <span class='ocrx_word' id='word_1_230' title='bbox 1010 3305 1337 3406; x_wconf 82' lang='lat' dir='ltr'>requirat.</span> <span class='ocrx_word' id='word_1_231' title='bbox 1454 3305 1764 3382; x_wconf 86' lang='lat' dir='ltr'>Ordines</span> <span class='ocrx_word' id='word_1_232' title='bbox 1825 3307 2062 3406; x_wconf 84' lang='lat' dir='ltr'>itaque</span> <span class='ocrx_word' id='word_1_233' title='bbox 2104 3307 2427 3394; x_wconf 63' lang='lat' dir='ltr'>confecta</span> <span class='ocrx_word' id='word_1_234' title='bbox 2471 3307 2774 3385; x_wconf 70' lang='lat' dir='ltr'>foimula</span> 
     </span>
     <span class='ocr_line' id='line_1_30' title="bbox 804 3400 2779 3508; baseline -0.002 -24"><span class='ocrx_word' id='word_1_235' title='bbox 804 3405 1187 3502; x_wconf 81' lang='lat' dir='ltr'>legationis</span> <span class='ocrx_word' id='word_1_236' title='bbox 1236 3426 1327 3495; x_wconf 83' lang='grc'>15</span> <span class='ocrx_word' id='word_1_237' title='bbox 1389 3405 1818 3504; x_wconf 85' lang='lat' dir='ltr'>Septembris</span> <span class='ocrx_word' id='word_1_238' title='bbox 1852 3400 2298 3508; x_wconf 72' lang='lat' dir='ltr'>,Brug‘ensem</span> <span class='ocrx_word' id='word_1_239' title='bbox 2347 3405 2779 3506; x_wconf 88' lang='lat' dir='ltr'>Episcopum</span> 
     </span>
     <span class='ocr_line' id='line_1_31' title="bbox 809 3501 2782 3674; baseline 0.001 -94"><span class='ocrx_word' id='word_1_240' title='bbox 809 3501 894 3580; x_wconf 73' lang='grc' dir='ltr'>ἃ</span> <span class='ocrx_word' id='word_1_241' title='bbox 926 3503 1445 3579; x_wconf 83' lang='lat' dir='ltr'>Willervalium</span> <span class='ocrx_word' id='word_1_242' title='bbox 1462 3523 2001 3674; x_wconf 48' lang='lat' dir='ltr'>‘permoverunt</span> <span class='ocrx_word' id='word_1_243' title='bbox 2018 3562 2042 3596; x_wconf 87' lang='lat'>,</span> <span class='ocrx_word' id='word_1_244' title='bbox 2089 3523 2172 3579; x_wconf 88' lang='lat' dir='ltr'>ut</span> <span class='ocrx_word' id='word_1_245' title='bbox 2215 3504 2305 3578; x_wconf 84' lang='lat' dir='ltr'>ad</span> <span class='ocrx_word' id='word_1_246' title='bbox 2348 3525 2493 3580; x_wconf 88' lang='lat' dir='ltr'>tam</span> <span class='ocrx_word' id='word_1_247' title='bbox 2531 3503 2782 3581; x_wconf 84' lang='lat' dir='ltr'>saluta-</span> 
     </span>
     <span class='ocr_line' id='line_1_32' title="bbox 810 3601 2842 3702; baseline 0.001 -24"><span class='ocrx_word' id='word_1_248' title='bbox 810 3604 907 3678; x_wconf 81' lang='lat' dir='ltr'>ris</span> <span class='ocrx_word' id='word_1_249' title='bbox 969 3603 1242 3700; x_wconf 89' lang='lat' dir='ltr'>negotii</span> <span class='ocrx_word' id='word_1_250' title='bbox 1320 3624 1459 3678; x_wconf 90' lang='lat' dir='ltr'>con</span> <span class='ocrx_word' id='word_1_251' title='bbox 1493 3601 1881 3677; x_wconf 74' lang='lat' dir='ltr'>eftionem·</span> <span class='ocrx_word' id='word_1_252' title='bbox 1923 3628 2062 3678; x_wconf 83' lang='lat' dir='ltr'>una</span> <span class='ocrx_word' id='word_1_253' title='bbox 2141 3603 2780 3702; x_wconf 86' lang='lat' dir='ltr'>proficiscerentur.</span> <span class='ocrx_word' id='word_1_254' title='bbox 2835 3635 2842 3645; x_wconf 95' lang='lat'><em>·</em></span> 
     </span>
     <span class='ocr_line' id='line_1_33' title="bbox 813 3698 2870 3802; baseline 0.002 -30"><span class='ocrx_word' id='word_1_255' title='bbox 813 3700 1092 3802; x_wconf 79' lang='lat' dir='ltr'>Quibus</span> <span class='ocrx_word' id='word_1_256' title='bbox 1134 3701 1547 3774; x_wconf 84' lang='lat' dir='ltr'>Proceribus</span> <span class='ocrx_word' id='word_1_257' title='bbox 1595 3700 1912 3774; x_wconf 89' lang='lat' dir='ltr'>suffultus</span> <span class='ocrx_word' id='word_1_258' title='bbox 1957 3699 2035 3776; x_wconf 73' lang='lat' dir='ltr'>&lt;Sc</span> <span class='ocrx_word' id='word_1_259' title='bbox 2091 3701 2462 3778; x_wconf 85' lang='lat' dir='ltr'>comitatus</span> <span class='ocrx_word' id='word_1_260' title='bbox 2507 3703 2788 3778; x_wconf 88' lang='lat' dir='ltr'>rursum</span> <span class='ocrx_word' id='word_1_261' title='bbox 2863 3698 2870 3706; x_wconf 69' lang='grc'>’</span> 
     </span>
     <span class='ocr_line' id='line_1_34' title="bbox 811 3797 2784 3901; baseline 0.001 -28"><span class='ocrx_word' id='word_1_262' title='bbox 811 3798 895 3873; x_wconf 83' lang='lat' dir='ltr'>in</span> <span class='ocrx_word' id='word_1_263' title='bbox 922 3797 1058 3874; x_wconf 77' lang='lat' dir='ltr'>iter</span> <span class='ocrx_word' id='word_1_264' title='bbox 1085 3798 1431 3872; x_wconf 87' lang='lat' dir='ltr'>lubentius</span> <span class='ocrx_word' id='word_1_265' title='bbox 1449 3821 1565 3872; x_wconf 89' lang='lat' dir='ltr'>me</span> <span class='ocrx_word' id='word_1_266' title='bbox 1598 3797 1798 3888; x_wconf 87' lang='lat' dir='ltr'>dedi,</span> <span class='ocrx_word' id='word_1_267' title='bbox 1831 3799 2021 3896; x_wconf 88' lang='lat' dir='ltr'>prius</span> <span class='ocrx_word' id='word_1_268' title='bbox 2049 3818 2342 3875; x_wconf 74' lang='lat' dir='ltr'>tamena</span> <span class='ocrx_word' id='word_1_269' title='bbox 2377 3802 2784 3901; x_wconf 85' lang='lat' dir='ltr'>plerisque,</span> 
     </span>
     <span class='ocr_line' id='line_1_35' title="bbox 806 3893 2788 4003; baseline 0.003 -32"><span class='ocrx_word' id='word_1_270' title='bbox 806 3893 929 3998; x_wconf 81' lang='lat' dir='ltr'>qui</span> <span class='ocrx_word' id='word_1_271' title='bbox 978 3895 1342 3998; x_wconf 85' lang='lat' dir='ltr'>praecipui</span> <span class='ocrx_word' id='word_1_272' title='bbox 1386 3919 1475 3974; x_wconf 84' lang='lat' dir='ltr'>cx</span> <span class='ocrx_word' id='word_1_273' title='bbox 1528 3896 1860 3976; x_wconf 84' lang='lat' dir='ltr'>Tribunis</span> <span class='ocrx_word' id='word_1_274' title='bbox 1899 3896 2126 3999; x_wconf 88' lang='lat' dir='ltr'>plebis</span> <span class='ocrx_word' id='word_1_275' title='bbox 2167 3921 2367 3978; x_wconf 83' lang='lat' dir='ltr'>erant</span> <span class='ocrx_word' id='word_1_276' title='bbox 2399 3957 2424 3995; x_wconf 94' lang='lat'>‚</span> <span class='ocrx_word' id='word_1_277' title='bbox 2490 3901 2788 4003; x_wconf 80' lang='lat' dir='ltr'>publico</span> 
     </span>
     <span class='ocr_line' id='line_1_36' title="bbox 1184 4023 2792 4076; baseline 0.001 -1"><span class='ocrx_word' id='word_1_278' title='bbox 1184 4027 1189 4033; x_wconf 85' lang='grc'>·</span> <span class='ocrx_word' id='word_1_279' title='bbox 2500 4032 2506 4048; x_wconf 88' lang='lat'><strong>·</strong></span> <span class='ocrx_word' id='word_1_280' title='bbox 2649 4023 2792 4076; x_wconf 79' lang='lat' dir='ltr'>no·</span> 
     </span>
    </p>
   </div>
   <div class='ocr_carea' id='block_1_3' title="bbox 2990 0 3012 1499">
    <p class='ocr_par' dir='ltr' id='par_1_5' title="bbox 2990 0 3012 1499">
     <span class='ocr_line' id='line_1_37' title="bbox 2990 0 3012 1499; baseline 0 0"><span class='ocrx_word' id='word_1_281' title='bbox 2990 0 3012 1499; x_wconf 95' lang='lat' dir='ltr'> </span> 
     </span>
    </p>
   </div>
   <div class='ocr_carea' id='block_1_4' title="bbox 2997 2482 3005 3024">
    <p class='ocr_par' dir='ltr' id='par_1_6' title="bbox 2997 2482 3005 3024">
     <span class='ocr_line' id='line_1_38' title="bbox 2997 2482 3005 3024; baseline 0 0"><span class='ocrx_word' id='word_1_282' title='bbox 2997 2482 3005 3024; x_wconf 95' lang='lat' dir='ltr'> </span> 
     </span>
    </p>
   </div>
   <div class='ocr_carea' id='block_1_5' title="bbox 2994 3528 3008 4410">
    <p class='ocr_par' dir='ltr' id='par_1_7' title="bbox 2994 3528 3008 4410">
     <span class='ocr_line' id='line_1_39' title="bbox 2994 3528 3008 4410; baseline 0 0"><span class='ocrx_word' id='word_1_283' title='bbox 2994 3528 3008 4410; x_wconf 95' lang='lat' dir='ltr'> </span> 
     </span>
    </p>
   </div>
  </div>
 </body>
</html>
