3017 5200
902 470 1010 567 '96
1117 440 1355 543 ‘Cuia
1408 464 1686 541 Senti-1
1733 462 1976 541 Comu-
2027 485 2126 543 nt
2175 490 2352 549 met
2405 494 2624 555 mua

900 670 1027 725 nes
1063 700 1084 734 ,
1168 665 1313 739 quo
1380 658 1463 713 ut
1529 638 1949 715 utiliffimam
2015 641 2093 719 δε
2153 620 2602 725 necessariam
2671 652 2830 731 hane

899 740 1365 839 Reipublicae
1417 736 1958 813 transactionem
2055 767 2495 859 ropugnent3
2565 744 2827 826 collatis.

898 862 1034 942 que
1066 836 1322 937 pariter
1358 832 1437 909 δε
1467 832 1944 913 voluntatibus
2095 847 2368 921 auxilus
2401 872 2647 921 omnes
2679 849 2829 924 vires

900 936 1357 1035 expedituros
1388 991 1411 1025 ,
1485 954 1564 1009 ut
1613 934 1702 1009 ad
1760 934 2098 1013 servanda
2141 942 2377 1037 pacta,
2441 944 2524 1021 ἃ
2569 946 2658 1019 ad
2707 947 2828 1021 offi.

898 1036 1091 1113 cium
1146 1032 1339 1109 illum
1382 1050 1670 1131 cogant.
1769 1033 2000 1131 Ipsum
2035 1060 2245 1133 porro
2277 1042 2680 1139 Principem
2713 1064 2831 1119 tam

884 1132 1040 1223 „effe
1085 1132 1153 1227 sa
1206 1152 1406 1228 acem
1434 1186 1459 1221 ,
1539 1148 1617 1203 ut
1655 1128 1733 1205 δε
1775 1131 1919 1207 hoc
1963 1132 2340 1237 intelligat,
2388 1136 2468 1215 ἃ
2514 1143 2627 1217 vel
2671 1168 2832 1216 com·

892 1230 1099 1309 modi
1134 1156 1239 1304 ξύ
1284 1226 1484 1303 causa
1523 1223 1772 1305 ,officio
1821 1254 1968 1306 non
2007 1226 2442 1313 flefuturum.
2558 1240 2832 1338 Ideoque

894 1354 1049 1407 non
1096 1326 1353 1401 debere
1408 1324 1597 1406 illam
1643 1328 1734 1399 de
1795 1329 1944 1426 ejus
2015 1332 2494 1432 Antverpiam
2555 1338 2832 1411 adventu

892 1430 1039 1505 esse
1088 1424 1360 1501 anxiam
1386 1478 1409 1513 ,
1470 1446 1697 1520 neque
1738 1424 2001 1500 finistra
2046 1430 2486 1530 praesagire.v
2563 1434 2833 1533 Ideoque

801 1596 835 1605 ..
896 1524 1125 1623 magis
1183 1518 1559 1621 expedire,
1622 1540 1699 1594 ut
1739 1520 1816 1597 ὅ(
1872 1548 1958 1599 ex
2006 1526 2356 1605 Ordinum
2403 1535 2731 1624 decreto,
2775 1532 2833 1607 ἃ

894 1648 1065 1701 cum
1091 1620 1301 1718 pacto
1328 1618 1654 1717 publicae
1681 1620 1896 1712 fidei,
1931 1627 2323 1703 accersatur
2344 1686 2369 1721 ,
2419 1656 2632 1744 quam
2661 1632 2709 1707 fi
2739 1654 2834 1705 ex-

893 1744 1006 1797 tra
1052 1718 1372 1793 ordinem
1397 1772 1420 1807 ,
1470 1717 1696 1813 plebis
1739 1718 2034 1795 arbitrio
2072 1748 2202 1821 per
2241 1733 2628 1803 tumultum
2666 1726 2837 1803 inve-

890 1822 1106 1905 hatur
1133 1874 1156 1908 ,
1204 1840 1293 1889 eo
1339 1815 1560 1890 modo
1597 1815 1837 1889 omnia
1872 1817 2032 1893 sana
2074 1824 2360 1900 consilia
2407 1830 2836 1903 turbaturus:

804 1970 811 1996 Α,
892 1918 1177 2025 Quibus
1209 1912 1643 2013 argumentis
1672 1912 2174 2013 aliquantulum
2205 1918 2500 2000 reducto
2545 1926 2706 2001 suae
2739 1928 2834 1999 Se-

891 2011 1215 2103 :enitatis
1244 2012 1481 2087 animo
1500 2068 1522 2103 ‚
1544 2095 1550 2118 s
1572 2012 1855 2086 tandem
1879 2040 2058 2090 cum
2090 2018 2291 2096 distis
2325 2024 2686 2099 Ordinum
2723 2047 2842 2097 me·

891 2110 1064 2190 cum
1096 2109 1386 2209 legatis,
1418 2109 1720 2209 gratiose
1745 2110 2054 2187 dimiss‘us
2083 2112 2233 2191 sum
2255 2176 2277 2207 ,
2317 2146 2490 2195 cum
2519 2144 2648 2213 ea,
2700 2146 2848 2221 quae

890 2212 1117 2291 modo
1157 2208 1457 2283 recitata
1490 2206 1632 2297 est,
1668 2210 2154 2289 mandatorum
2177 2214 2490 2291 formula
2511 2273 2532 2307 ,
2587 2220 2850 2319 ejusque

885 2306 1176 2409 largiori
1225 2302 1732 2395 declaratione,
1783 2330 1930 2381 non
1985 2308 2129 2385 fine
2161 2335 2422 2412 magna
2467 2316 2670 2393 fimul
2706 2342 2846 2392 con·

890 2427 1104 2508 cepta
1146 2406 1267 2503 spe
1301 2402 1726 2479 conficiendi
1745 2456 1768 2495 ,
1816 2404 2008 2505 quod
2037 2408 2117 2481 in
2153 2412 2512 2491 mandatis
2562 2414 2842 2493 habeba·

888 2533 1049 2597 mus
1078 2503 1376 2604 negotii.

992 2609 1241 2700 Itaque
1264 2658 1285 2692 ,
1315 2601 1686 2700 postquam
1718 2605 2072 2682 Bruxellas
2093 2601 2510 2688 rediffemus
2533 2671 2556 2706 ,
2613 2614 2838 2690 eodem

892 2703 1048 2793 die,
1070 2724 1211 2796 quo
1222 2700 1615 2796 appulimus
1634 2759 1659 2792 ‚
1677 2703 2016 2780 nunciato
2049 2705 2288 2784 nostro
2318 2711 2568 2788 reditu
2589 2706 2834 2788 Ordini-

888 2805 1020 2888 bus
1041 2855 1063 2889 ,
1114 2797 1191 2870 in
1221 2795 1608 2872 adventum
1647 2799 1964 2876 nostrum
2002 2804 2540 2904 anhelantibus,
2593 2836 2843 2887 omnem
2891 2871 2898 2879 .

887 2896 1241 2973 anienem
1259 2949 1303 2998 ,ι
1321 2896 1669 2991 praelecta
1699 2897 1774 2972 in
1807 2899 2137 2978 Consessu
2180 2903 2673 2985 declaratione
2706 2911 2838 2998 illa,

888 2991 1488 3085 renuntiavimus,
1553 2993 1635 3068 δε
1685 2993 1922 3072 audita
1961 2997 2063 3074 est
2106 3019 2392 3080 attente
2437 3008 2836 3108 propositio,

887 3093 971 3172 ἃ
1006 3091 1320 3194 judicata
1337 3093 1432 3169 ab
1464 3093 1790 3168 omnibus
1817 3097 2152 3194 aequitati
2189 3099 2270 3176 ἆ
2287 3105 2566 3182 rationi
2585 3107 2838 3182 consen-

890 3214 1141 3278 tanea,
1189 3191 1404 3266 etiarn
1460 3191 1601 3266 hoc
1703 3192 1844 3270 uod
1880 3194 1972 3268 de
2023 3195 2296 3274 officiis‘
2319 3201 2406 3279 ὅ(
2441 3207 2700 3281 muniis
2739 3206 2843 3280 illis

888 3293 1014 3370 sua
1042 3289 1396 3364 Serenitas
1426 3311 1661 3389 propo
1693 3309 1892 3368 uerat
1912 3349 1937 3385 ‚
1965 3291 2045 3370 ἀ
2072 3295 2146 3372 in
2165 3297 2494 3382 futuram
2530 3305 2837 3381 consulta·

886 3393 1169 3468 tionem
1194 3389 1560 3484 rejecerat.
1589 3399 1598 3406 ‘

992 3493 1173 3565 Cum
1216 3485 1701 3566 existimarent
1748 3491 2096 3585 Ordines,
2144 3499 2642 3592 quaestionem
2688 3503 2846 3577 hanc

888 3587 1514 3684 difficultatemque
1553 3589 2065 3664 antedictorum
2113 3594 2566 3695 officiorum,
2631 3618 2848 3700 utpote

941 3709 1073 3782 uae
1106 3683 1197 3758 ad
1230 3683 1639 3762 venationes
1683 3706 1808 3762 aut
1847 3686 2331 3787 delegationes
2383 3700 2848 3778 administran-

890 3713 969 3860 31
998 3807 1128 3883 per
1169 3781 1566 3860 Flandriam
1607 3785 1818 3882 juriS,
1868 3804 1986 3859 aut
2023 3789 2264 3866 talium
2317 3798 2693 3876 actionum
2720 3823 2856 3900 per-

892 3883 1120 3986 tinent
1142 3936 1164 3971 ,
1217 3881 1443 3980 magis
1517 3905 1560 3956 e
1602 3879 2035 3980 privatorum
2084 3887 2714 3976 sollicitationibus
2755 3921 2857 3973 na-

890 3999 1043 4078 tam
1060 4037 1083 4072 ,
1146 4002 1357 4081 quam
1408 3979 1598 4082 quod
1651 3979 1780 4081 ipsi
1837 3983 2086 4067 deleffl
2139 3991 2254 4068 vel
2321 3997 2728 4083 voluntarie
2767 3994 2866 4070 vel

2651 4123 2656 4130 ·
2733 4097 2860 4197 pla·
