3017 5200
772 475 867 561 58
1016 459 1223 539 Cur.
1272 456 1556 555 Statu
1609 450 1856 551 Come
1899 440 2014 533 'm
2063 474 2248 565 μοι
2293 478 2532 572 ini-gn

776 636 1063 717 lendum
1110 628 1235 709 fibi
1286 626 1448 703 effe.
1567 626 1910 704 Adduetis
1957 630 2220 707 deinde
2273 632 2488 713 variis
2545 658 2624 709 ar
2729 672 2768 730 ς

774 722 1530 828 mentis'pa‘rticulatim
1578 726 2146 813 demonstrabam
2181 786 2206 823 ‚
2261 731 2338 806 in
2379 758 2588 831 quarn
2625 658 2766 808 ffi-

774 835 934 913 bios
982 828 1175 905 casus
1215 882 1241 919 ‚
1344 847 1700 921 nautaque,
1730 827 2038 923 pericula
2061 886 2084 921 ,
2135 828 2186 904 fi
2239 831 2494 909 bellum
2539 830 2770 907 susci-
2811 822 2826 839 ⁸

773 954 947 1033 pere
996 924 1287 1003 decrevi
1345 943 1421 999 et
1454 981 1479 1018 ,
1523 925 1665 999 sese
1715 924 2106 1025 conjiceret
2127 954 2168 1018 .;
2219 932 2485 1005 Contra
2538 956 2770 1030 quam

766 1042 1017 1135 parum
1042 1047 1146 1104 ex
1198 1048 1287 1099 eo
1336 1022 1419 1098 fit
1458 1022 1920 1099 emolumenti
1953 1024 2032 1100 &
2082 1026 2404 1105 utilitatis
2462 1030 2551 1103 ad
2600 1033 2772 1105 Re-

778 1153 951 1235 gem
1004 1142 1524 1224 perventurum
1565 1179 1588 1215 ,
1640 1123 1908 1199 etiasnfi
1951 1124 2268 1201 feliciter
2297 1128 2535 1201 omnia
2583 1152 2774 1223 eves

774 1230 1019 1325 niant,
1072 1221 1152 1299 ἃ
1182 1245 1271 1299 ex
1306 1239 1487 1297 voto
1523 1244 1744 1395 genes
1793 1223 1986 1297 suam
2027 1224 2490 1321 Serenitatem
2522 1227 2772 1301 vieto-

770 1329 877 1423 ssia
904 1321 1277 1412 consistat-3
1324 1320 1520 1394 omni
1571 1344 1652 1393 us
1692 1320 1768 1393 in
1813 1320 2436 1400 deliberationibus
2471 1327 2770 1425 praeci-

724 1434 731 1442 ’
824 1450 995 1503 unm
1032 1421 1181 1497 hoe
1244 1419 1505 1497 debere
1553 1420 1854 1515 proponi
1901 1439 2116 1519 caput
2151 1477 2176 1514 ,
2223 1446 2316 1495 an
2357 1423 2436 1498 id
2475 1480 2498 1517 ,
2547 1424 2768 1523 quod

771 1444 1113 1603 acuatur
1136 1574 1159 1609 ,
1209 1516 1380 1591 utile
1430 1516 1514 1593 fit
1545 1572 1566 1605 ,
1618 1518 1860 1593 saltem
1915 1538 2254 1615 quantum
2308 1522 2502 1599 inde'
2529 1522 2768 1597 detri-

771 1643 1095 1707 mentum
1140 1616 1375 1691 enasci
1420 1617 1625 1713 poffit
1663 1672 1684 1705 ,
1752 1616 1881 1693 nifi
1929 1617 2263 1692 succedat
2297 1646 2320 1711 3
2383 1642 2458 1694 at
2504 1620 2554 1695 fi
2594 1622 2782 1715 fato·

772 1716 1083 1822 quodam
1120 1714 1433 1804 finisti-o,
1482 1714 1772 1808 bellica,
1823 1738 1962 1813 qua
1990 1714 2172 1791 nihil
2216 1718 2592 1811 incertius,
2642 1720 2776 1795 ita.

774 1818 1080 1895 cadente
1126 1814 1279 1889 alea
1302 1870 1328 1905 ,
1396 1813 1757 1913 ipsumque
1797 1814 2250 1889 succumbere
2273 1874 2294 1909 ,
2335 1818 2778 1916 hostemque

766 1920 849 1996 fix
942 1916 1213 1991 riorem
1272 1913 1584 1987 evadere
1627 1914 1999 2011 contingat
2023 1970 2046 2005 ,
2095 1913 2366 2011 liquido
2418 1943 2505 1993 ex
2555 1936 2780 1991 ante-

772 2042 817 2095 a
890 2015 909 2029 ⁸
972 2012 1323 2102 constare,
1344 2031 1682 2109 quantum
1721 2011 1796 2085 &
1827 2012 2106 2108 Regem
2149 2012 2228 2087 δι
2262 2016 2734 2115 Religionem
2753 2073 2782 2107 ,

820 2134 1121 2211 namque
1176 2110 1628 2206 irreparabile
1709 2110 2045 2183 damnum
2107 2132 2410 2191 maneat.
2514 2119 2778 2189 Acce-

769 2138 943 2287 gere
994 2210 1083 2285 ad
1124 2206 1300 2282 haec
1328 2264 1351 2297 ‚
1412 2208 1630 2287 totius
1661 2208 1884 2305 Belgii
1914 2208 2428 2305 potentiffimae
2453 2214 2780 2308 provin·

774 2310 933 2388 tiae
952 2304 1425 2406 subjugandae
1466 2362 1487 2393 ‚
1539 2305 1617 2379 ἃ
1675 2324 1754 2379 ut
1816 2324 2052 2380 cetera
2105 2328 2410 2405 occupet
2443 2366 2466 2399 ,
2515 2314 2780 2386 nomi-

774 2410 1000 2487 natim
1041 2427 1282 2481 tamen
1331 2404 1754 2479 Hollandiae
1799 2403 1878 2480 δι
1937 2404 2310 2479 Zelandiae
2362 2406 2576 2481 armis
2621 2410 2772 2485 do-

778 2508 1083 2597 mandae
1118 2503 1461 2579 maximas
1494 2502 1980 2578 difficultates:
2030 2503 2178 2577 Hic
2205 2505 2396 2579 enim
2429 2530 2578 2581 non
2613 2533 2775 2585 uno

775 2611 893 2686 vel
926 2611 1149 2682 altero
1178 2603 1437 2703 praelio
1472 2602 1658 2676 finiri
1697 2600 1892 2699 poffe
1935 2603 2192 2676 bellum
2231 2661 2254 2695 ‚
2301 2603 2420 2678 sed
2465 2631 2629 2680 cum
2663 2633 2777 2685 eo.

780 2705 984 2784 hoste
1015 2701 1425 2776 luctandum
1448 2699 1574 2796 ipfi
1610 2700 1766 2774 fore
1801 2755 1823 2787 ‚
1846 2700 1970 2796 qui
2001 2701 2272 2778 damnis
2319 2702 2395 2778 ἃ
2431 2705 2768 2802 despera-

778 2807 981 2880 tione
1009 2798 1389 2873 animosior
1419 2796 1906 2900 &terribilior
1941 2802 2198 2875 evadat
2229 2828 2252 2892 3
2311 2805 2514 2876 aliam
2549 2803 2766 2878 fuisse

780 2905 861 2979 in
914 2901 1215 2976 Graecia
1244 2954 1266 2986 ‚
1316 2901 1573 2992 perque
1625 2897 1920 2970 Africae
1959 2895 2196 2974 littora
2247 2903 2539 2999 gerendi
2588 2903 2764 2976 belli

778 3001 1127 3102 rationem
1162 3053 1189 3088 ‚
1232 2993 1501 3070 licuifl'e
1550 2994 1650 3068 ibi
1709 2995 2002 3069 summis
2053 2999 2286 3096 copiis
2327 3001 2710 3074 decernere
2731 3055 2757 3090 ,

778 3125 946 3178 cum
988 3095 1319 3170 nationes
1365 3115 1616 3168 omnes
1653 3093 1914 3167 auxilia
1959 3099 2474 3176 commoditate
2505 3100 2756 3197 pelagi

777 3193 1381 3278 fibministrarent
1421 3247 1442 3282 ‚
1509 3191 1780 3267 licuiss'e
1825 3192 1926 3268 ibi
1973 3195 2077 3269 rei
2133 3198 2489 3296 gerendae
2537 3223 2754 3272 occa-

690 3345 697 3350 ·
781 3301 1005 3380 fiones
1042 3291 1374 3392 aucupari
1392 3349 1417 3384 ‚
1474 3287 1554 3366 ἃ
1573 3311 1969 3391 opportuna
1995 3317 2308 3395 quaeque
2331 3353 2353 3388 ‚
2395 3297 2502 3372 uti
2545 3296 2750 3371 vide-

781 3391 1495 3494 retur,aggredi;hic
1531 3392 1810 3466 affiduis
1843 3393 2194 3492 utrimque
2237 3396 2553 3470 cladibus
2583 3418 2756 3469 con-

786 3493 1197 3573 metandum
1234 3549 1257 3582 ,
1324 3487 1405 3566 ἆ
1455 3489 1694 3566 claffes
1743 3490 2038 3564 subinde
2076 3491 2552 3569 instaurandas
2601 3493 2767 3567 fore
2861 3541 2870 3547 -
3009 3531 3011 3548 ι

786 3596 865 3671 in
900 3592 1100 3670 vadis
1158 3590 1246 3668 δι·
1287 3590 1632 3664 undarum
1698 3587 2034 3688 angustiis
2072 3648 2094 3682 ,
2163 3592 2251 3666 ad
2305 3591 2766 3672 inconstantis

781 3693 954 3773 freti
1000 3689 1371 3766 arbitrium
1415 3712 1570 3765 rem
1609 3687 1988 3786 gerendam
2027 3745 2048 3778 ,
2111 3691 2232 3764 ubi
2281 3691 2472 3768 haud
2543 3689 2764 3768 dubie

779 3793 933 3868 indi
1026 3814 1149 3863 nas
1194 3787 1272 3863 ὅτ
1311 3787 1663 3862 vadorum
1689 3784 1988 3860 scientes
2023 3787 2344 3885 potiores
2371 3847 2394 3882 ‚
2433 3792 2536 3864 uti
2580 3791 2774 3872 sema,

782 3915 913 3992 per
933 3815 1239 3976 {Sex-int,
1270 3887 1583 3975 futuros3
1633 3885 1836 3958 urbes
1872 3883 1964 3958 iis
1999 3885 2074 3962 in
2107 3887 2316 3980 locis,
2367 3913 2600 3988 neque
2629 3915 2764 3987 op-

780 3986 1087 4092 pugnari
1120 3985 1339 4062 facile
1380 3983 1578 4084 poss‘e
1610 4038 1637 4078 ,
1677 4005 1908 4083 neque
1958 3985 2265 4063 obsideri
2295 4047 2321 4084 ,
2369 3985 2452 4066 ὅτ
2484 3990 2782 4100 medio-.

687 4115 701 4122 ·
1334 4110 1341 4119 ‘
1616 4156 1625 4166 .
2617 4111 2774 4162 cn-
