3017 5200
500 526 1129 658 'nannenus
1228 552 1356 609 nt
1462 554 1752 611 rAct.
1995 562 2172 637 1²9„
2281 640 2294 648 ἢ

43 778 55 804 ,
132 734 224 789 ne
269 706 459 811 quod
513 709 772 786 famam
828 728 1057 783 meam
1093 761 1114 796 ‚
1167 705 1358 805 quod
1404 706 1894 806 Religionem,
1943 713 2134 809 quod

136 806 575 885 commissam
606 808 785 883 mihi
814 808 890 882 in
928 808 1060 881 hos
1094 805 1397 903 populos
1424 806 1997 901 Jurisdistionem
2030 810 2130 883 ita

130 928 650 997 contemnam3
706 908 783 981 in
835 908 1068 981 Deum
1127 901 1402 999 Optim.
1459 906 1663 980 Max.
1703 925 1850 979 tarn
1882 907 2119 1007 gravi-

130 1026 248 1083 ter
304 1028 595 1103 peccare
630 1006 896 1103 cogat?

235 1104 494 1180 DUX.
546 1104 709 1177 Nos
750 1100 1033 1199 quidem
1059 1155 1079 1187 ,
1124 1099 1574 1201 ,inviaiffime
1597 1102 1805 1191 Rex,
1842 1098 1920 1176 δι
1956 1102 2120 1195 illa,

127 1228 313 1303 quae
368 1224 555 1275 nune
601 1197 959 1289 attulisti,
1010 1198 1091 1273 dc
1130 1198 1267 1275 alia
1325 1200 1543 1273 multa
1595 1199 1727 1273 illis
1821 1223 2120 1298 ropone·

142 1326 341 1391 rnus,
393 1320 767 1397 antequam
827 1296 1267 1371 mentionem
1312 1296 1496 1394 apud
1542 1296 1694 1372 illos
1773 1297 2118 1389 aciemuS,

133 1402 255 1474 vel
288 1398 363 1473 in
400 1419 717 1471 mentem
764 1394 975 1471 nobis
1025 1394 1339 1483 venisse,
1392 1412 1469 1466 ut
1517 1394 1776 1505 aliquid
1825 1395 1988 1492 ipfis
2011 1396 2120 1471 su-

129 1524 261 1597 pra
292 1497 695 1571 libertatem
730 1492 1079 1572 Gandenfi
1104 1490 1593 1567 Pacificationi
1624 1514 1700 1565 ln
1735 1492 2122 1593 Religione

133 1592 499 1671 admissam
560 1592 1047 1668 concedamus,
1176 1590 1314 1665 Sed
1367 1590 1530 1687 quia
1601 1608 1865 1665 certam
1919 1592 2116 1688 spem

134 1694 403 1768 habere
444 1717 587 1768 non
620 1690 981 1789 possumus
1008 1745 1029 1779 ‚
1082 1691 1269 1765 hanc
1310 1688 1383 1763 in
1414 1686 1572 1786 ipfis
1609 1688 1766 1762 fore
1793 1689 2112 1765 modera-

131 1792 409 1867 tionem
436 1848 460 1883 ,
516 1810 593 1863 ut
635 1808 828 1865 tanta
877 1790 993 1863 illa
1048 1789 1371 1863 libertate
1407 1842 1431 1876 ,
1480 1810 1751 1885 quamn
1802 1790 2109 1863 clemen·
2211 1818 2230 1841 ·

131 1891 240 1963 tia
290 1910 412 1961 tua
460 1908 627 1961 tunc
671 1886 1033 1983 impetrari
1091 1884 1321 1997 paffus
1366 1907 1438 1958 es
1469 1911 1509 1974 ,·
1556 1884 1690 1960 fint
1747 1885 2114 1979 contenti3

126 1986 450 2061 nostrum
484 1985 698 2057 etiam
716 1985 873 2069 ·erit
898 1996 1334 2072 exammare‚
1386 2002 1618 2059 utrum
1649 1982 1833 2081 justa
1885 1985 2113 2084 aliqua

126 2084 347 2160 causa
381 2080 677 2156 existere
713 2102 921 2179 queat
956 2139 976 2170 ,
1020 2085 1113 2156 ob
1156 2105 1404 2179 quarn,
1425 2080 1582 2179 ipfis
1615 2083 1790 2159 ultra
1822 2107 2112 2157 omnem

124 2182 391 2282 justum
425 2180 715 2255 modum
749 2179 1249 2255 insanientibus
1269 2235 1289 2264 ,
1310 2202 1441 2253 nos
1468 2179 1684 2253 etiam
1720 2180 1900 2256 illius
1938 2206 2114 2293 quo-

130 2306 275 2379 que
298 2276 643 2353 libertatis
684 2278 973 2353 modum
1002 2277 1349 2352 excedere
1381 2277 1776 2353 debeamus.
1879 2281 2124 2354 Primo

136 2404 313 2479 ergo
334 2377 465 2455 illis
494 2400 975 2474 proponemus
994 2435 1014 2467 ,
1033 2376 1109 2451 in
1140 2398 1227 2449 eo
1258 2398 1533 2473 quoque
1561 2375 1743 2471 ipsos
1775 2376 2118 2471 peccaffe,

133 2477 329 2577 quod
359 2477 444 2551 iis
474 2474 693 2547 etiam
728 2476 966 2573 plura,
1016 2496 1195 2572 quae
1233 2491 1401 2547 ante
1480 2473 1990 2569 uinquennium
2037 2474 2118 2550 in

131 2580 519 2656 Conventu
534 2572 850 2650 Bredano
886 2568 1222 2672 Majestas
1254 2588 1372 2644 tua
1403 2496 1662 2647 eirene
1694 2570 1828 2646 illis
1865 2570 2115 2670 digna-

131 2695 210 2749 ta
257 2672 358 2746 est
387 2730 409 2764 ,
474 2696 517 2746 a
552 2692 639 2756 ,te
703 2671 1079 2770 impetrare
1142 2668 1486 2745 studeant.
1607 2669 2112 2761 OstendemuS‚

129 2796 341 2872 quam
374 2770 668 2846 foedum
715 2767 795 2845 ὅ(
846 2790 1055 2868 turpe
1100 2767 1183 2841 fit
1214 2824 1235 2857 ,
1286 2765 1608 2866 legitimo
1645 2768 1767 2843 suo
1801 2769 2113 2867 Principi

94 2875 292 2946 'eam
344 2872 527 2944 velle
586 2869 1058 2967 praescribere
1120 2868 1347 2964 legem
1375 2922 1397 2956 ,
1466 2885 1546 2938 ut
1593 2867 1668 2940 in
1719 2867 2111 2942 haeredita-

124 2969 248 3057 riis
301 2967 435 3044 suis
482 2967 866 3043 ditionibus
903 2966 1273 3064 'publicum
1328 2962 1659 3039 admittat
1715 2965 2112 3066 Religionis

126 3070 440 3157 cultum,
489 3084 976 3166 praeterquam
1027 3062 1207 3137 illius
1244 3118 1265 3153 ,
1318 3087 1531 3160 quam
1585 3063 1660 3138 in
1694 3063 1853 3160 ipfis
1885 3089 1924 3136 a
1960 3089 2105 3137 ma-

120 3166 397 3266 joribus
446 3164 584 3238 suis
626 3164 909 3260 accepit
950 3219 973 3252 ‚
1022 3184 1367 3271 quamque
1417 3162 1552 3236 alia
1617 3161 1854 3235 omnia
1900 3160 2106 3258 ipsius

128 3287 357 3363 regna
433 3281 581 3336 tarn
671 3262 1066 3348 constanter
1150 3278 1481 3335 retinent.
1600 3259 2110 3350 Ostendemus5

130 3383 401 3462 quanta
432 3360 859 3435 contumelia
888 3356 1338 3456 Majestatem
1371 3377 1565 3430 tuam
1597 3357 1940 3448 afficiant,
1987 3358 2105 3431 eui

128 3463 430 3538 liberum
466 3459 605 3534 effe
643 3458 905 3547 nolint,
934 3458 1122 3556 quod
1158 3455 1456 3530 minimo
1480 3478 1753 3555 quoque
1784 3479 1912 3552 per
1933 3457 2108 3530 Ger·

128 3556 784 3647 maniamCor'niti,
836 3554 914 3630 &
956 3556 1235 3654 quidem
1276 3555 1618 3652 majorum
1664 3553 1938 3628 suorum
1964 3557 2106 3628 Re·

126 3651 471 3754 ligionem
498 3655 841 3746 mutanti,
877 3655 1173 3728 liberum
1216 3653 1351 3728 esse
1404 3654 1595 3765 leges
1633 3652 1932 3750 Imperii
1951 3657 2136 3750 per-⁶

126 3755 446 3830 mittant.
541 3757 805 3832 Nullus
843 3753 1031 3827 enim
1068 3753 1140 3827 in
1179 3754 1563 3827 Germama
1601 3751 1964 3826 Comitum
1993 3753 2109 3826 vel

130 3857 531 3943 Baronum,
563 3855 855 3950 alicujus
884 3852 956 3926 in
996 3851 1297 3926 Ditione
1336 3849 1454 3924 sua
1472 3849 1863 3947 Religionis
1885 3907 1905 3941 ,
1931 3875 2114 3948 quae

128 3950 262 4050 ipfi
298 3965 446 4025 non
474 3955 829 4046 probetur,
848 3951 1212 4049 publicum
1240 3949 1554 4023 admittit
1575 4006 1596 4038 ‚
1615 3950 1725 4022 vel
1745 3949 2117 4022 admittere

146 4047 900 4152 cogiturexercitium.
933 4047 1591 4222 Demonlstrabimus
1624 4047 1845 4125 etiam
1868 4069 2118 4145 ,quarn

1820 4197 1832 4206 x
1959 4165 2117 4242 pro·
