3017 5200
831 498 985 592 ’136
1175 486 2487 587 CasruxrsScnzrr'

818 664 1078 755 causa,
1127 680 1206 739 ut
1231 660 1475 763 paucis
1505 659 1922 757 quibusdam
1968 666 2337 757 pra’eterea
2376 657 2451 733 in
2482 650 2797 745 civitati-²

835 768 961 843 bus
1017 761 1486 837 concionibus
1536 758 1854 833 fruantur
1882 814 1907 849 ,
1958 779 2173 857 utque
2237 782 2319 831 ea
2352 812 2374 845 ‚
2435 775 2620 852 >quae
2674 776 2794 849 per

833 860 1172 963 summam
1232 858 1458 956 plebis
1514 856 1881 933 licentiam
1946 854 2019 929 in
2082 854 2469 955 Religione
2528 851 2792 949 potiffi-

834 984 1030 1035 mum
1061 976 1328 1033 novata
1356 955 1555 1043 sunt,
1601 953 1992 1033 rescindere
2022 978 2165 1028 non
2210 970 2596 1051 cogantur,
2652 950 2796 1025 bel-

833 1062 980 1137 lum
1021 1077 1301 1143 tamen,
1361 1073 1472 1129 tot
1507 1054 1849 1127 malorum
1902 1076 1987 1125 ac
2022 1072 2507 1125 aerumnarum
2550 1071 2805 1147 agmen

838 1156 1082 1235 secum
1127 1154 1448 1242 trahens,
1503 1150 1675 1227 huic
1722 1149 1887 1225 Paci
1932 1149 2425 1247 praetulerint:
2480 1146 2655 1245 ipfi,
2720 1166 2804 1219 ut

836 1254 1186 1341 diximus,
1236 1248 1592 1339 viderint,
1628 1250 1818 1347 quod
1850 1270 2129 1323 nomen·
2154 1246 2325 1323 huic
2371 1243 2657 1319 confilio
2688 1242 2807 1319 suo

839 1352 1076 1429 daturi
1107 1350 1280 1440 fint,
1330 1372 1457 1421 nos
1495 1362 1742 1437 cente,
1810 1346 1937 1421 nifi
1992 1348 2197 1443 plane
2240 1344 2535 1419 fallimur
2562 1400 2587 1433 ‚
2642 1366 2809 1419 cum

837 1448 1166 1527 omnibus
1211 1446 1396 1521 recle
1453 1444 1907 1519 sentientibus
1960 1442 2405 1518 manifestum
2450 1440 2807 1533 furorem,

837 1552 1003 1629 Deo
1030 1562 1320 1645 propter
1371 1562 1667 1641 peccata
1714 1542 2017 1640 ipsorum
2062 1544 2136 1617 id
2180 1542 2681 1641 permittente,
2720 1542 2806 1613 ab

838 1646 1043 1722 hoste
1083 1642 1368 1717 humani
1415 1641 1692 1753 generis
1735 1644 1989 1715 Satana
2034 1642 2124 1715 ad
2187 1640 2607 1715 miserrimas
2664 1640 2811 1713 illas

838 1740 1245 1843 provincias
1295 1738 1384 1813 ad
1423 1738 1792 1813 interitum
1838 1764 2053 1837 usque
2094 1738 2501 1838 affligendas
2550 1736 2811 1811 immis-

837 1844 994 1923 sum
1025 1896 1049 1929 ‚
1101 1837 1440 1939 appellari
1480 1839 1635 1937 jure
1678 1836 1867 1936 poffe
1911 1838 2367 1913 censebimus,
2482 1836 2592 1911 Eo
2622 1859 2814 1910 vero

839 1940 1071 2040 magis
1107 1940 1245 2013 hoc
1293 1936 1607 2035 ipsorum
1654 1937 2017 2011 consilium
2056 1961 2305 2011 omnes
2342 1932 2812 2011 abominaturi

839 2039 1051 2124 sunt,
1110 2034 1300 2133 quod
1353 2054 1648 2130 propter
1704 2036 1991 2133 longam
2032 2036 2341 2133 ipsorum
2397 2060 2441 2108 a
2488 2032 2821 2130 legitimo

788 2223 797 2231 ⁶
839 2138 968 2213 suo
1007 2132 1378 2230 Principe,
1429 2150 1581 2205 tam
1634 2130 1857 2205 multa
1902 2133 2041 2207 illis
2090 2154 2237 2207 tam
2289 2134 2683 2207 clementer
2708 2130 2812 2203 in-

842 2234 1183 2331 dulgente
1216 2287 1238 2319 ,
1285 2228 1789 2304 alienationem
1827 2228 2455 2327 &.defe8tionem‚
2510 2248 2731 2305 tanta
2760 2228 2820 2301 in
2892 2265 2898 2275 ·

843 2358 934 2411 eo
977 2332 1058 2405 fit
1089 2326 1168 2405 e&
1209 2349 1356 2403 tarn
1393 2326 1765 2401 manifesta
1800 2328 2167 2425 turpitudo
2208 2328 2285 2403 δι
2320 2328 2690 2425 iniquitas.

943 2430 1186 2505 REX.
1241 2429 1424 2501 Cum
1471 2427 1652 2499 haec
1701 2425 1815 2499 ita·
1846 2428 1985 2499 sese
2034 2428 2373 2513 habeant,
2423 2424 2633 2501 sicuti
2674 2426 2812 2498 sese

841 2528 1102 2608 habere
1143 2524 1492 2618 verissime
1536 2520 1616 2597 δι
1650 2522 2036 2620 pleniflime
2083 2520 2439 2597 ostendisti
2472 2580 2492 2615 ,
2544 2523 2818 2597 causam

843 2649 1012 2702 non*
1029 2627 1290 2714 video,
1345 2649 1469 2702 cur
1516 2623 1607 2698 de
1653 2625 1835 2698 Pace
1869 2623 2001 2698 tibi
2045 2623 2131 2696 fit
2173 2617 2463 2722 amplius
2496 2621 2817 2696 dubitan-

843 2728 1042 2802 dum.
1160 2723 1356 2796 Nam
1418 2747 1582 2796 cum
1638 2745 1777 2820 ego
1842 2721 2227 2796 Gandenfis
2301 2719 2812 2796 pacificationis

842 2821 1220 2902 formulam
1260 2819 1513 2894 iterum
1550 2821 1936 2916 approbare
1968 2819 2091 2892 fim
2121 2839 2436 2919 paratus3
2482 2815 2560 2892 δε
2582 2817 2819 2899 ‚incre-

849 2921 1074 3000 dibile
1114 2916 1385 3015 prorsus
1409 2917 1773 3007 videatur,
1822 2917 2047 3009 hanc,
2101 2943 2309 3015 quam
2365 2915 2814 3012 descripsisti,

850 3017 1090 3120 inillis
1125 3015 1278 3103 fore
1317 3015 1696 3090 amentiam
1728 3041 1750 3104 3
1800 3015 1987 3088 nulla
2029 3040 2307 3114 quoque
2346 3017 2504 3090 fore
2539 3013 2823 3087 videtur

851 3119 927 3194 in
984 3117 1072 3190 iis
1107 3153 1148 3204 ,·
1195 3137 1376 3210 quae
1417 3114 1508 3191 ad
1556 3111 2001 3211 Religionem
2046 3115 2407 3210 pertinent
2440 3171 2464 3203 ,
2508 3135 2821 3210 quaeque

851 3213 1312 3315 praecipuum
1362 3213 1675 3288 afferunt
1726 3213 2150 3286 concordiae
2194 3213 2812 3313 impedimentum,

723 3359 731 3369 =
835 3317 1043 3392 -inter
1075 3335 1200 3384 nos
1228 3307 1305 3385 δε
1340 3310 1493 3386 illos
1534 3311 1611 3386 in
1662 3307 1797 3384 isto
1848 3310 2086 3387 vestro
2143 3332 2499 3387 conventu
2539 3329 2810 3384 contro-

857 3411 1100 3490 versia.
2240 3434 2249 3448 ¹

956 3509 1224 3586 DUX.
1272 3505 1460 3582 Fieri
1500 3505 1787 3604 quidem
1834 3509 2100 3606 poterit
2134 3566 2155 3599 ‚
2206 3528 2278 3583 ut
2318 3508 2460 3598 illi,
2491 3529 2642 3584 tam
2678 3532 2825 3607 per-

863 3609 1120 3705 spicuis
1187 3605 1471 3684 adducti
1522 3604 1947 3696 rationibuS,
2020 3609 2298 3682 saniora
2336 3608 2624 3687 consilia
2686 3629 2826 3680 am-

865 3707 1280 3804 plectantur.
1397 3707 1502 3778 At
1536 3703 1690 3776 fieri
1738 3729 2008 3802 quoque
2048 3703 2123 3780 ἃ
2168 3705 2331 3780 illud
2382 3707 2833 3786 nihilominus

857 3803 1144 3906 potest,
1188 3801 1424 3912 quod,
1477 3820 1555 3874 ut
1607 3825 1861 3876 verum
1897 3801 2166 3894 fatear,
2216 3805 2527 3882 futurum
2564 3827 2831 3904 quoque

865 3901 1316 4004 nonoleviter
1354 3917 1654 3988 metu03
1720 3924 1811 3974 ne
1869 3923 2159 4000 propter
2210 3903 2701 3979 admirabilem
2752 3905 2827 3979 il·

847 4001 1006 4094 ‚lam
1054 3996 1476 4078 concionum
1516 3997 1789 4076 suarum
1817 4055 1839 4090 ‚
1890 4026 2023 4102 qua
2064 4001 2165 4080 illi
2206 4005 2397 4104 capti
2432 4005 2637 4100 sunt,
2686 4002 2835 4082 dul·

1855 4121 1879 4138 ⁸
2646 4099 2840 4178 cedi-
