<?xml version="1.0" encoding="UTF-8"?>
<!DOCTYPE html PUBLIC "-//W3C//DTD XHTML 1.0 Transitional//EN"
    "http://www.w3.org/TR/xhtml1/DTD/xhtml1-transitional.dtd">
<html xmlns="http://www.w3.org/1999/xhtml" xml:lang="en" lang="en">
 <head>
  <title>
</title>
<meta http-equiv="Content-Type" content="text/html;charset=utf-8" />
  <meta name='ocr-system' content='tesseract 3.04.00' />
  <meta name='ocr-capabilities' content='ocr_page ocr_carea ocr_par ocr_line ocrx_word'/>
</head>
<body>
  <div class='ocr_page' id='page_1' title='image "analectorvmbelg00graegoog_0289.png"; bbox 0 0 3017 5200; ppageno 0'>
   <div class='ocr_carea' id='block_1_1' title="bbox 601 455 2240 564">
    <p class='ocr_par' dir='ltr' id='par_1_1' title="bbox 601 455 2240 564">
     <span class='ocr_line' id='line_1_1' title="bbox 601 455 2240 564; baseline 0.001 -28"><span class='ocrx_word' id='word_1_1' title='bbox 601 455 1189 564; x_wconf 69' lang='lat' dir='ltr'>Duzoeus.</span> <span class='ocrx_word' id='word_1_2' title='bbox 1288 474 1431 531; x_wconf 74' lang='grc'>1111</span> <span class='ocrx_word' id='word_1_3' title='bbox 1527 456 1854 535; x_wconf 55' lang='lat' dir='ltr'>Pica·</span> <span class='ocrx_word' id='word_1_4' title='bbox 1969 480 1982 495; x_wconf 53' lang='lat'>⁸</span> <span class='ocrx_word' id='word_1_5' title='bbox 2101 482 2240 562; x_wconf 67' lang='lat'>121</span> 
     </span>
    </p>
   </div>
   <div class='ocr_carea' id='block_1_2' title="bbox 250 630 2236 1137">
    <p class='ocr_par' dir='ltr' id='par_1_2' title="bbox 250 630 2236 1137">
     <span class='ocr_line' id='line_1_2' title="bbox 250 630 2230 738; baseline -0.005 -18"><span class='ocrx_word' id='word_1_6' title='bbox 250 635 771 721; x_wconf 78' lang='lat' dir='ltr'><strong>mansuetudini</strong></span> <span class='ocrx_word' id='word_1_7' title='bbox 840 652 1003 707; x_wconf 86' lang='lat' dir='ltr'>tuae</span> <span class='ocrx_word' id='word_1_8' title='bbox 1068 630 1287 706; x_wconf 83' lang='lat' dir='ltr'>fuerit</span> <span class='ocrx_word' id='word_1_9' title='bbox 1356 630 1568 707; x_wconf 84' lang='lat' dir='ltr'>valde</span> <span class='ocrx_word' id='word_1_10' title='bbox 1629 632 2230 738; x_wconf 78' lang='lat' dir='ltr'>consentaneum)</span> 
     </span>
     <span class='ocr_line' id='line_1_3' title="bbox 252 725 2236 829; baseline -0.003 -16"><span class='ocrx_word' id='word_1_11' title='bbox 252 742 476 820; x_wconf 82' lang='lat' dir='ltr'>multa</span> <span class='ocrx_word' id='word_1_12' title='bbox 526 761 566 809; x_wconf 92' lang='lat' dir='ltr'>a</span> <span class='ocrx_word' id='word_1_13' title='bbox 618 732 941 809; x_wconf 85' lang='lat' dir='ltr'>Ducibus</span> <span class='ocrx_word' id='word_1_14' title='bbox 972 787 997 822; x_wconf 89' lang='lat'>,</span> <span class='ocrx_word' id='word_1_15' title='bbox 1047 728 1467 820; x_wconf 74' lang='lat' dir='ltr'>Ptaefeffis,</span> <span class='ocrx_word' id='word_1_16' title='bbox 1519 725 1600 803; x_wconf 81' lang='lat'>&amp;</span> <span class='ocrx_word' id='word_1_17' title='bbox 1642 731 2008 808; x_wconf 81' lang='lat' dir='ltr'>Militibus</span> <span class='ocrx_word' id='word_1_18' title='bbox 2051 735 2236 829; x_wconf 82' lang='lat' dir='ltr'>tuis,</span> 
     </span>
     <span class='ocr_line' id='line_1_4' title="bbox 254 827 2228 926; baseline -0.004 -9"><span class='ocrx_word' id='word_1_19' title='bbox 254 843 453 918; x_wconf 89' lang='lat' dir='ltr'>hisce</span> <span class='ocrx_word' id='word_1_20' title='bbox 529 832 859 907; x_wconf 78' lang='lat' dir='ltr'>undecim</span> <span class='ocrx_word' id='word_1_21' title='bbox 930 827 1130 903; x_wconf 84' lang='lat' dir='ltr'>annis</span> <span class='ocrx_word' id='word_1_22' title='bbox 1164 885 1189 920; x_wconf 87' lang='lat'>‚</span> <span class='ocrx_word' id='word_1_23' title='bbox 1270 846 1518 901; x_wconf 83' lang='lat' dir='ltr'>contra</span> <span class='ocrx_word' id='word_1_24' title='bbox 1616 827 1931 905; x_wconf 88' lang='lat' dir='ltr'>subditos</span> <span class='ocrx_word' id='word_1_25' title='bbox 2017 851 2181 909; x_wconf 82' lang='lat' dir='ltr'>tuos</span> <span class='ocrx_word' id='word_1_26' title='bbox 2199 890 2228 926; x_wconf 87' lang='lat'><strong>,</strong></span> 
     </span>
     <span class='ocr_line' id='line_1_5' title="bbox 258 924 2226 1029; baseline -0.011 -13"><span class='ocrx_word' id='word_1_27' title='bbox 258 958 464 1015; x_wconf 82' lang='lat' dir='ltr'>avare</span> <span class='ocrx_word' id='word_1_28' title='bbox 488 988 513 1023; x_wconf 87' lang='lat'><strong>,</strong></span> <span class='ocrx_word' id='word_1_29' title='bbox 560 930 933 1005; x_wconf 88' lang='lat' dir='ltr'>insolenter</span> <span class='ocrx_word' id='word_1_30' title='bbox 968 984 992 1019; x_wconf 92' lang='lat'>‚</span> <span class='ocrx_word' id='word_1_31' title='bbox 1040 925 1121 1001; x_wconf 85' lang='lat'>&amp;</span> <span class='ocrx_word' id='word_1_32' title='bbox 1160 924 1536 1001; x_wconf 87' lang='lat' dir='ltr'>crudeliter</span> <span class='ocrx_word' id='word_1_33' title='bbox 1583 926 1816 1023; x_wconf 81' lang='lat' dir='ltr'>gesta,</span> <span class='ocrx_word' id='word_1_34' title='bbox 1865 936 2226 1029; x_wconf 59' lang='lat' dir='ltr'>qu4e¹cu1-</span> 
     </span>
     <span class='ocr_line' id='line_1_6' title="bbox 260 1021 2232 1137; baseline 0 -29"><span class='ocrx_word' id='word_1_35' title='bbox 260 1058 422 1137; x_wconf 85' lang='lat' dir='ltr'>pam</span> <span class='ocrx_word' id='word_1_36' title='bbox 461 1052 703 1103; x_wconf 88' lang='lat' dir='ltr'>eorum</span> <span class='ocrx_word' id='word_1_37' title='bbox 761 1039 1145 1103; x_wconf 80' lang='lat' dir='ltr'>extenuare</span> <span class='ocrx_word' id='word_1_38' title='bbox 1208 1021 1539 1122; x_wconf 80' lang='lat' dir='ltr'>poffunt:</span> <span class='ocrx_word' id='word_1_39' title='bbox 1610 1029 1946 1101; x_wconf 88' lang='lat' dir='ltr'>nonnulla</span> <span class='ocrx_word' id='word_1_40' title='bbox 2005 1031 2142 1106; x_wconf 88' lang='lat' dir='ltr'>tibi</span> <span class='ocrx_word' id='word_1_41' title='bbox 2185 1056 2232 1108; x_wconf 84' lang='lat' dir='ltr'>a</span> 
     </span>
    </p>
   </div>
   <div class='ocr_carea' id='block_1_3' title="bbox 262 1122 2304 1223">
    <p class='ocr_par' dir='ltr' id='par_1_3' title="bbox 262 1122 2304 1223">
     <span class='ocr_line' id='line_1_7' title="bbox 262 1122 2304 1223; baseline -0.001 -13"><span class='ocrx_word' id='word_1_42' title='bbox 262 1157 396 1211; x_wconf 77' lang='lat' dir='ltr'>turs</span> <span class='ocrx_word' id='word_1_43' title='bbox 462 1127 749 1203; x_wconf 78' lang='lat' dir='ltr'>confilia</span> <span class='ocrx_word' id='word_1_44' title='bbox 813 1123 1135 1223; x_wconf 85' lang='lat' dir='ltr'>suggesta</span> <span class='ocrx_word' id='word_1_45' title='bbox 1168 1180 1190 1215; x_wconf 91' lang='lat'><strong>,</strong></span> <span class='ocrx_word' id='word_1_46' title='bbox 1256 1145 1435 1220; x_wconf 82' lang='lat' dir='ltr'>quae</span> <span class='ocrx_word' id='word_1_47' title='bbox 1488 1122 1837 1219; x_wconf 75' lang='lat' dir='ltr'>ejusmodi</span> <span class='ocrx_word' id='word_1_48' title='bbox 1898 1126 2234 1207; x_wconf 82' lang='lat' dir='ltr'>incendia</span> <span class='ocrx_word' id='word_1_49' title='bbox 2297 1130 2304 1139; x_wconf 82' lang='grc'><strong>’</strong></span> 
     </span>
    </p>
   </div>
   <div class='ocr_carea' id='block_1_4' title="bbox 244 1221 2238 1421">
    <p class='ocr_par' dir='ltr' id='par_1_4' title="bbox 244 1221 2238 1421">
     <span class='ocr_line' id='line_1_8' title="bbox 254 1221 2230 1336; baseline -0.004 -33"><span class='ocrx_word' id='word_1_50' title='bbox 254 1250 511 1331; x_wconf 79' lang='lat' dir='ltr'>augere</span> <span class='ocrx_word' id='word_1_51' title='bbox 561 1225 798 1324; x_wconf 87' lang='lat' dir='ltr'>potius</span> <span class='ocrx_word' id='word_1_52' title='bbox 856 1247 1065 1336; x_wconf 65' lang='lat' dir='ltr'>quam</span> <span class='ocrx_word' id='word_1_53' title='bbox 1112 1222 1518 1333; x_wconf 71' lang='lat' dir='ltr'>opprimere</span> <span class='ocrx_word' id='word_1_54' title='bbox 1558 1221 1804 1303; x_wconf 86' lang='lat' dir='ltr'>solent.</span> <span class='ocrx_word' id='word_1_55' title='bbox 1903 1230 2016 1299; x_wconf 88' lang='lat' dir='ltr'>Ac</span> <span class='ocrx_word' id='word_1_56' title='bbox 2075 1248 2230 1305; x_wconf 79' lang='lat' dir='ltr'>tam</span> 
     </span>
     <span class='ocr_line' id='line_1_9' title="bbox 244 1319 2238 1421; baseline -0.005 -12"><span class='ocrx_word' id='word_1_57' title='bbox 244 1333 707 1409; x_wconf 83' lang='lat' dir='ltr'>vehementes</span> <span class='ocrx_word' id='word_1_58' title='bbox 724 1372 729 1375; x_wconf 96' lang='lat'>-</span> <span class='ocrx_word' id='word_1_59' title='bbox 749 1322 1051 1420; x_wconf 88' lang='lat' dir='ltr'>demque</span> <span class='ocrx_word' id='word_1_60' title='bbox 1100 1344 1293 1395; x_wconf 86' lang='lat' dir='ltr'>omm</span> <span class='ocrx_word' id='word_1_61' title='bbox 1357 1319 1674 1416; x_wconf 70' lang='lat' dir='ltr'>humano</span> <span class='ocrx_word' id='word_1_62' title='bbox 1733 1324 1978 1421; x_wconf 89' lang='lat' dir='ltr'>generi</span> <span class='ocrx_word' id='word_1_63' title='bbox 2051 1324 2238 1400; x_wconf 87' lang='lat' dir='ltr'>indi-</span> 
     </span>
    </p>
   </div>
   <div class='ocr_carea' id='block_1_5' title="bbox 242 1416 2298 1703">
    <p class='ocr_par' dir='ltr' id='par_1_5' title="bbox 242 1416 2298 1703">
     <span class='ocr_line' id='line_1_10' title="bbox 249 1416 2298 1521; baseline -0.01 -15"><span class='ocrx_word' id='word_1_64' title='bbox 249 1450 361 1507; x_wconf 83' lang='lat' dir='ltr'>tos</span> <span class='ocrx_word' id='word_1_65' title='bbox 391 1423 543 1500; x_wconf 83' lang='lat' dir='ltr'>esse</span> <span class='ocrx_word' id='word_1_66' title='bbox 580 1447 716 1521; x_wconf 87' lang='lat' dir='ltr'>pro</span> <span class='ocrx_word' id='word_1_67' title='bbox 743 1422 1105 1511; x_wconf 85' lang='lat' dir='ltr'>libertate,</span> <span class='ocrx_word' id='word_1_68' title='bbox 1130 1442 1214 1493; x_wconf 91' lang='lat' dir='ltr'>ac</span> <span class='ocrx_word' id='word_1_69' title='bbox 1242 1416 1588 1515; x_wconf 87' lang='lat' dir='ltr'>religione</span> <span class='ocrx_word' id='word_1_70' title='bbox 1625 1418 1746 1493; x_wconf 90' lang='lat' dir='ltr'>sua</span> <span class='ocrx_word' id='word_1_71' title='bbox 1769 1476 1790 1511; x_wconf 89' lang='lat'><strong>,</strong></span> <span class='ocrx_word' id='word_1_72' title='bbox 1835 1424 2236 1519; x_wconf 85' lang='lat' dir='ltr'>qualiscun-</span> <span class='ocrx_word' id='word_1_73' title='bbox 2294 1478 2298 1485; x_wconf 91' lang='lat'><em>.</em></span> 
     </span>
     <span class='ocr_line' id='line_1_11' title="bbox 242 1514 2274 1703; baseline -0.002 -101"><span class='ocrx_word' id='word_1_74' title='bbox 242 1552 379 1703; x_wconf 47' lang='grc' dir='ltr'>ἔξω</span> <span class='ocrx_word' id='word_1_75' title='bbox 423 1524 546 1598; x_wconf 82' lang='grc'>1113</span> <span class='ocrx_word' id='word_1_76' title='bbox 591 1522 675 1597; x_wconf 85' lang='lat' dir='ltr'>fit</span> <span class='ocrx_word' id='word_1_77' title='bbox 701 1578 725 1613; x_wconf 90' lang='lat'>‚</span> <span class='ocrx_word' id='word_1_78' title='bbox 772 1516 1249 1595; x_wconf 85' lang='lat' dir='ltr'>conservanda</span> <span class='ocrx_word' id='word_1_79' title='bbox 1284 1574 1309 1609; x_wconf 87' lang='lat'><strong>,</strong></span> <span class='ocrx_word' id='word_1_80' title='bbox 1356 1514 1650 1593; x_wconf 64' lang='lat' dir='ltr'>affectus</span> <span class='ocrx_word' id='word_1_81' title='bbox 1683 1542 1709 1609; x_wconf 81' lang='lat'>3</span> <span class='ocrx_word' id='word_1_82' title='bbox 1757 1536 1837 1593; x_wconf 88' lang='lat' dir='ltr'>ut</span> <span class='ocrx_word' id='word_1_83' title='bbox 1879 1522 2235 1599; x_wconf 80' lang='lat' dir='ltr'>moderati</span> <span class='ocrx_word' id='word_1_84' title='bbox 2269 1564 2274 1575; x_wconf 90' lang='lat'>·</span> 
     </span>
    </p>
   </div>
   <div class='ocr_carea' id='block_1_6' title="bbox 234 1614 2246 2307">
    <p class='ocr_par' dir='ltr' id='par_1_6' title="bbox 234 1614 2246 2307">
     <span class='ocr_line' id='line_1_12' title="bbox 372 1614 2240 1721; baseline -0.001 -25"><span class='ocrx_word' id='word_1_85' title='bbox 372 1620 605 1701; x_wconf 60' lang='lat' dir='ltr'>sancti</span> <span class='ocrx_word' id='word_1_86' title='bbox 650 1616 1135 1715; x_wconf 83' lang='lat' dir='ltr'>Principes·in</span> <span class='ocrx_word' id='word_1_87' title='bbox 1192 1639 1278 1689; x_wconf 88' lang='lat' dir='ltr'>ea</span> <span class='ocrx_word' id='word_1_88' title='bbox 1326 1614 1606 1691; x_wconf 89' lang='lat' dir='ltr'>suorum</span> <span class='ocrx_word' id='word_1_89' title='bbox 1656 1638 1952 1713; x_wconf 82' lang='lat' dir='ltr'>peccata</span> <span class='ocrx_word' id='word_1_90' title='bbox 1980 1672 2004 1710; x_wconf 89' lang='lat'><em>‚</em></span> <span class='ocrx_word' id='word_1_91' title='bbox 2057 1644 2240 1721; x_wconf 88' lang='lat' dir='ltr'>quae</span> 
     </span>
     <span class='ocr_line' id='line_1_13' title="bbox 238 1714 2238 1818; baseline -0.003 -17"><span class='ocrx_word' id='word_1_92' title='bbox 238 1750 329 1801; x_wconf 85' lang='lat' dir='ltr'>ex</span> <span class='ocrx_word' id='word_1_93' title='bbox 376 1744 543 1799; x_wconf 81' lang='lat' dir='ltr'>tam</span> <span class='ocrx_word' id='word_1_94' title='bbox 580 1717 1005 1793; x_wconf 85' lang='lat' dir='ltr'>naturalibus</span> <span class='ocrx_word' id='word_1_95' title='bbox 1048 1714 1419 1791; x_wconf 60' lang='lat' dir='ltr'>affectibus</span> <span class='ocrx_word' id='word_1_96' title='bbox 1462 1715 1786 1789; x_wconf 86' lang='lat' dir='ltr'>oriuntur</span> <span class='ocrx_word' id='word_1_97' title='bbox 1820 1770 1846 1807; x_wconf 93' lang='lat'><strong>,</strong></span> <span class='ocrx_word' id='word_1_98' title='bbox 1897 1738 2238 1818; x_wconf 85' lang='lat' dir='ltr'>tanquam</span> 
     </span>
     <span class='ocr_line' id='line_1_14' title="bbox 234 1814 2244 1916; baseline -0.001 -21"><span class='ocrx_word' id='word_1_99' title='bbox 234 1828 328 1901; x_wconf 83' lang='lat' dir='ltr'>ab</span> <span class='ocrx_word' id='word_1_100' title='bbox 399 1815 945 1915; x_wconf 81' lang='lat' dir='ltr'>inexpugnabili</span> <span class='ocrx_word' id='word_1_101' title='bbox 1002 1838 1231 1911; x_wconf 85' lang='lat' dir='ltr'>prope</span> <span class='ocrx_word' id='word_1_102' title='bbox 1266 1870 1291 1904; x_wconf 89' lang='lat'>‚</span> <span class='ocrx_word' id='word_1_103' title='bbox 1353 1815 1613 1913; x_wconf 78' lang='lat' dir='ltr'>absque</span> <span class='ocrx_word' id='word_1_104' title='bbox 1695 1814 2022 1915; x_wconf 75' lang='lat' dir='ltr'>lingulati</span> <span class='ocrx_word' id='word_1_105' title='bbox 2088 1816 2244 1916; x_wconf 68' lang='lat' dir='ltr'>Dei</span> 
     </span>
     <span class='ocr_line' id='line_1_15' title="bbox 240 1912 2234 2013; baseline -0.003 -16"><span class='ocrx_word' id='word_1_106' title='bbox 240 1917 521 1997; x_wconf 80' lang='lat' dir='ltr'>auxilio</span> <span class='ocrx_word' id='word_1_107' title='bbox 551 1970 575 2005; x_wconf 92' lang='lat'><strong>,</strong></span> <span class='ocrx_word' id='word_1_108' title='bbox 640 1914 847 1989; x_wconf 83' lang='lat' dir='ltr'>causa</span> <span class='ocrx_word' id='word_1_109' title='bbox 892 1912 1215 2013; x_wconf 62' lang='lat' dir='ltr'>profecta</span> <span class='ocrx_word' id='word_1_110' title='bbox 1310 1912 1722 2010; x_wconf 82' lang='lat' dir='ltr'>praesertim</span> <span class='ocrx_word' id='word_1_111' title='bbox 1780 1914 1833 1988; x_wconf 86' lang='lat' dir='ltr'>fi</span> <span class='ocrx_word' id='word_1_112' title='bbox 1877 1916 2014 1990; x_wconf 85' lang='lat' dir='ltr'>toti</span> <span class='ocrx_word' id='word_1_113' title='bbox 2074 1916 2234 1991; x_wconf 85' lang='lat' dir='ltr'>fere</span> 
     </span>
     <span class='ocr_line' id='line_1_16' title="bbox 248 2010 2234 2111; baseline -0.003 -17"><span class='ocrx_word' id='word_1_114' title='bbox 248 2021 389 2095; x_wconf 87' lang='lat' dir='ltr'>fint</span> <span class='ocrx_word' id='word_1_115' title='bbox 447 2012 775 2111; x_wconf 89' lang='lat' dir='ltr'>Reipubl.</span> <span class='ocrx_word' id='word_1_116' title='bbox 854 2011 1257 2087; x_wconf 77' lang='lat' dir='ltr'>communia</span> <span class='ocrx_word' id='word_1_117' title='bbox 1370 2010 1614 2087; x_wconf 88' lang='lat' dir='ltr'>mitius</span> <span class='ocrx_word' id='word_1_118' title='bbox 1665 2011 2234 2092; x_wconf 87' lang='lat' dir='ltr'>animadvertere</span> 
     </span>
     <span class='ocr_line' id='line_1_17' title="bbox 248 2108 2246 2214; baseline -0.003 -21"><span class='ocrx_word' id='word_1_119' title='bbox 248 2112 779 2193; x_wconf 88' lang='lat' dir='ltr'>consueverint.</span> <span class='ocrx_word' id='word_1_120' title='bbox 892 2108 1104 2187; x_wconf 87' lang='lat' dir='ltr'>Nihil</span> <span class='ocrx_word' id='word_1_121' title='bbox 1164 2109 1357 2184; x_wconf 87' lang='lat' dir='ltr'>enim</span> <span class='ocrx_word' id='word_1_122' title='bbox 1408 2110 1694 2187; x_wconf 83' lang='lat' dir='ltr'>videtur</span> <span class='ocrx_word' id='word_1_123' title='bbox 1755 2134 1970 2189; x_wconf 87' lang='lat' dir='ltr'>omne</span> <span class='ocrx_word' id='word_1_124' title='bbox 2010 2138 2246 2214; x_wconf 68' lang='lat' dir='ltr'>genua</span> 
     </span>
     <span class='ocr_line' id='line_1_18' title="bbox 248 2208 2236 2307; baseline -0.004 -15"><span class='ocrx_word' id='word_1_125' title='bbox 248 2216 442 2292; x_wconf 87' lang='lat' dir='ltr'>inter</span> <span class='ocrx_word' id='word_1_126' title='bbox 486 2210 815 2287; x_wconf 88' lang='lat' dir='ltr'>homines</span> <span class='ocrx_word' id='word_1_127' title='bbox 870 2208 1304 2285; x_wconf 82' lang='lat' dir='ltr'>diffidiorum</span> <span class='ocrx_word' id='word_1_128' title='bbox 1344 2208 1573 2307; x_wconf 81' lang='lat' dir='ltr'>magis</span> <span class='ocrx_word' id='word_1_129' title='bbox 1616 2211 1929 2285; x_wconf 85' lang='lat' dir='ltr'>retinere</span> <span class='ocrx_word' id='word_1_130' title='bbox 1961 2268 1987 2303; x_wconf 89' lang='lat'>,</span> <span class='ocrx_word' id='word_1_131' title='bbox 2051 2210 2236 2287; x_wconf 85' lang='lat' dir='ltr'>nihil</span> 
     </span>
    </p>
   </div>
   <div class='ocr_carea' id='block_1_7' title="bbox 248 2306 2309 2391">
    <p class='ocr_par' dir='ltr' id='par_1_7' title="bbox 248 2306 2309 2391">
     <span class='ocr_line' id='line_1_19' title="bbox 248 2306 2309 2391; baseline -0.004 0"><span class='ocrx_word' id='word_1_132' title='bbox 248 2333 541 2391; x_wconf 82' lang='lat' dir='ltr'>onmem</span> <span class='ocrx_word' id='word_1_133' title='bbox 615 2310 707 2385; x_wconf 88' lang='lat' dir='ltr'>ad</span> <span class='ocrx_word' id='word_1_134' title='bbox 790 2306 1261 2382; x_wconf 89' lang='lat' dir='ltr'>diffidentium</span> <span class='ocrx_word' id='word_1_135' title='bbox 1346 2308 2009 2383; x_wconf 87' lang='lat' dir='ltr'>reconciliationem</span> <span class='ocrx_word' id='word_1_136' title='bbox 2083 2308 2240 2384; x_wconf 85' lang='lat' dir='ltr'>adi-</span> <span class='ocrx_word' id='word_1_137' title='bbox 2307 2344 2309 2353; x_wconf 53' lang='lat'><strong>⁴</strong></span> 
     </span>
    </p>
   </div>
   <div class='ocr_carea' id='block_1_8' title="bbox 167 2405 2243 3209">
    <p class='ocr_par' dir='ltr' id='par_1_8' title="bbox 167 2405 2243 2703">
     <span class='ocr_line' id='line_1_20' title="bbox 247 2405 2243 2506; baseline -0.004 -19"><span class='ocrx_word' id='word_1_138' title='bbox 247 2434 415 2488; x_wconf 91' lang='grc'>111111</span> <span class='ocrx_word' id='word_1_139' title='bbox 443 2409 687 2506; x_wconf 81' lang='lat' dir='ltr'>magis</span> <span class='ocrx_word' id='word_1_140' title='bbox 720 2405 1071 2501; x_wconf 88' lang='lat' dir='ltr'>impedire</span> <span class='ocrx_word' id='word_1_141' title='bbox 1106 2460 1129 2493; x_wconf 93' lang='lat'>‚</span> <span class='ocrx_word' id='word_1_142' title='bbox 1174 2427 1386 2502; x_wconf 88' lang='lat' dir='ltr'>quam</span> <span class='ocrx_word' id='word_1_143' title='bbox 1426 2405 1616 2501; x_wconf 88' lang='lat' dir='ltr'>quod</span> <span class='ocrx_word' id='word_1_144' title='bbox 1665 2408 1761 2481; x_wconf 91' lang='lat' dir='ltr'>ob</span> <span class='ocrx_word' id='word_1_145' title='bbox 1795 2405 2190 2481; x_wconf 87' lang='lat' dir='ltr'>Philautiae</span> <span class='ocrx_word' id='word_1_146' title='bbox 2202 2422 2243 2497; x_wconf 81' lang='lat'>,&#39;</span> 
     </span>
     <span class='ocr_line' id='line_1_21' title="bbox 252 2501 2243 2610; baseline -0.001 -28"><span class='ocrx_word' id='word_1_147' title='bbox 252 2534 409 2610; x_wconf 90' lang='lat' dir='ltr'>quo</span> <span class='ocrx_word' id='word_1_148' title='bbox 465 2528 707 2581; x_wconf 89' lang='lat' dir='ltr'>omnes</span> <span class='ocrx_word' id='word_1_149' title='bbox 768 2504 1165 2577; x_wconf 82' lang='lat' dir='ltr'>laboramus</span> <span class='ocrx_word' id='word_1_150' title='bbox 1192 2556 1217 2593; x_wconf 84' lang='lat'>,</span> <span class='ocrx_word' id='word_1_151' title='bbox 1285 2501 1550 2577; x_wconf 86' lang='lat' dir='ltr'>vitium</span> <span class='ocrx_word' id='word_1_152' title='bbox 1581 2558 1604 2595; x_wconf 92' lang='lat'>‚</span> <span class='ocrx_word' id='word_1_153' title='bbox 1677 2502 2243 2595; x_wconf 76' lang='lat' dir='ltr'>adversariorum·</span> 
     </span>
     <span class='ocr_line' id='line_1_22' title="bbox 167 2599 2238 2703; baseline -0.002 -20"><span class='ocrx_word' id='word_1_154' title='bbox 167 2697 173 2702; x_wconf 35' lang='grc'><strong>,</strong></span> <span class='ocrx_word' id='word_1_155' title='bbox 252 2607 661 2683; x_wconf 84' lang='lat' dir='ltr'>nostrorum</span> <span class='ocrx_word' id='word_1_156' title='bbox 693 2601 967 2677; x_wconf 88' lang='lat' dir='ltr'>causam</span> <span class='ocrx_word' id='word_1_157' title='bbox 994 2624 1122 2700; x_wconf 82' lang='lat' dir='ltr'>per</span> <span class='ocrx_word' id='word_1_158' title='bbox 1146 2601 1389 2676; x_wconf 84' lang='lat' dir='ltr'>omnia</span> <span class='ocrx_word' id='word_1_159' title='bbox 1420 2599 1560 2676; x_wconf 83' lang='lat' dir='ltr'>effe</span> <span class='ocrx_word' id='word_1_160' title='bbox 1589 2601 1914 2700; x_wconf 79' lang='lat' dir='ltr'>injustam</span> <span class='ocrx_word' id='word_1_161' title='bbox 1953 2663 1982 2696; x_wconf 83' lang='grc'>,</span> <span class='ocrx_word' id='word_1_162' title='bbox 2023 2622 2238 2703; x_wconf 84' lang='lat' dir='ltr'>atque</span> 
     </span>
    </p>

    <p class='ocr_par' dir='ltr' id='par_1_9' title="bbox 244 2698 2243 3209">
     <span class='ocr_line' id='line_1_23' title="bbox 251 2698 2238 2802; baseline -0.002 -19"><span class='ocrx_word' id='word_1_163' title='bbox 251 2705 513 2783; x_wconf 87' lang='lat' dir='ltr'>omnia·</span> <span class='ocrx_word' id='word_1_164' title='bbox 544 2704 625 2778; x_wconf 92' lang='lat' dir='ltr'>in</span> <span class='ocrx_word' id='word_1_165' title='bbox 650 2724 735 2776; x_wconf 85' lang='lat' dir='ltr'>ea</span> <span class='ocrx_word' id='word_1_166' title='bbox 766 2698 1251 2798; x_wconf 82' lang='lat' dir='ltr'>prosequenda·</span> <span class='ocrx_word' id='word_1_167' title='bbox 1272 2700 1556 2798; x_wconf 77' lang='lat' dir='ltr'>consilia</span> <span class='ocrx_word' id='word_1_168' title='bbox 1586 2702 1890 2800; x_wconf 86' lang='lat' dir='ltr'>ipsorum</span> <span class='ocrx_word' id='word_1_169' title='bbox 1909 2759 1934 2796; x_wconf 90' lang='lat'>,</span> <span class='ocrx_word' id='word_1_170' title='bbox 1969 2705 2238 2802; x_wconf 74' lang='lat' dir='ltr'>turpia,</span> 
     </span>
     <span class='ocr_line' id='line_1_24' title="bbox 250 2794 2236 2906; baseline -0.001 -25"><span class='ocrx_word' id='word_1_171' title='bbox 250 2803 556 2906; x_wconf 86' lang='lat' dir='ltr'>injusta,</span> <span class='ocrx_word' id='word_1_172' title='bbox 573 2799 652 2876; x_wconf 85' lang='lat'>&amp;</span> <span class='ocrx_word' id='word_1_173' title='bbox 684 2797 951 2874; x_wconf 86' lang='lat' dir='ltr'>nefaria</span> <span class='ocrx_word' id='word_1_174' title='bbox 980 2797 1118 2874; x_wconf 81' lang='lat' dir='ltr'>effe</span> <span class='ocrx_word' id='word_1_175' title='bbox 1144 2799 1349 2875; x_wconf 89' lang='lat' dir='ltr'>nobis</span> <span class='ocrx_word' id='word_1_176' title='bbox 1374 2799 1902 2897; x_wconf 89' lang='lat' dir='ltr'>persuademus:</span> <span class='ocrx_word' id='word_1_177' title='bbox 1924 2794 2236 2879; x_wconf 80' lang='lat' dir='ltr'>nostram</span> 
     </span>
     <span class='ocr_line' id='line_1_25' title="bbox 248 2897 2240 3000; baseline -0.002 -18"><span class='ocrx_word' id='word_1_178' title='bbox 248 2913 437 2982; x_wconf 81' lang='lat' dir='ltr'>v&#39;ero</span> <span class='ocrx_word' id='word_1_179' title='bbox 468 2899 751 2977; x_wconf 83' lang='lat' dir='ltr'>causam</span> <span class='ocrx_word' id='word_1_180' title='bbox 774 2899 977 2973; x_wconf 88' lang='lat' dir='ltr'>omni</span> <span class='ocrx_word' id='word_1_181' title='bbox 1006 2921 1096 2972; x_wconf 83' lang='lat' dir='ltr'>ex</span> <span class='ocrx_word' id='word_1_182' title='bbox 1129 2917 1335 3000; x_wconf 88' lang='lat' dir='ltr'>parte</span> <span class='ocrx_word' id='word_1_183' title='bbox 1350 2897 1635 2997; x_wconf 84' lang='lat' dir='ltr'>justam,</span> <span class='ocrx_word' id='word_1_184' title='bbox 1655 2899 2024 2999; x_wconf 87' lang='lat' dir='ltr'>nostraque</span> <span class='ocrx_word' id='word_1_185' title='bbox 2061 2926 2240 2978; x_wconf 88' lang='lat' dir='ltr'>con-</span> 
     </span>
     <span class='ocr_line' id='line_1_26' title="bbox 246 2991 2242 3097; baseline -0.002 -17"><span class='ocrx_word' id='word_1_186' title='bbox 246 3005 403 3080; x_wconf 85' lang='lat' dir='ltr'>filia</span> <span class='ocrx_word' id='word_1_187' title='bbox 431 3005 525 3077; x_wconf 91' lang='lat' dir='ltr'>ab</span> <span class='ocrx_word' id='word_1_188' title='bbox 560 2999 757 3075; x_wconf 89' lang='lat' dir='ltr'>omni</span> <span class='ocrx_word' id='word_1_189' title='bbox 788 2991 1131 3094; x_wconf 80' lang='lat' dir='ltr'>injustitia</span> <span class='ocrx_word' id='word_1_190' title='bbox 1142 2996 1549 3072; x_wconf 85' lang='lat' dir='ltr'>alieniffima</span> <span class='ocrx_word' id='word_1_191' title='bbox 1575 2998 1848 3096; x_wconf 82' lang='lat' dir='ltr'>semper</span> <span class='ocrx_word' id='word_1_192' title='bbox 1874 2999 2011 3074; x_wconf 80' lang='lat' dir='ltr'>efl&#39;e</span> <span class='ocrx_word' id='word_1_193' title='bbox 2049 3001 2242 3097; x_wconf 86' lang='lat' dir='ltr'>judi-</span> 
     </span>
     <span class='ocr_line' id='line_1_27' title="bbox 244 3095 2243 3209; baseline -0.001 -31"><span class='ocrx_word' id='word_1_194' title='bbox 244 3127 521 3178; x_wconf 76' lang='lat' dir='ltr'>camus,</span> <span class='ocrx_word' id='word_1_195' title='bbox 620 3096 835 3209; x_wconf 73' lang='lat' dir='ltr'>Quod</span> <span class='ocrx_word' id='word_1_196' title='bbox 866 3095 919 3169; x_wconf 85' lang='lat' dir='ltr'><strong>fi</strong></span> <span class='ocrx_word' id='word_1_197' title='bbox 961 3097 1066 3170; x_wconf 87' lang='lat' dir='ltr'>tui</span> <span class='ocrx_word' id='word_1_198' title='bbox 1115 3095 1421 3171; x_wconf 86' lang='lat' dir='ltr'>viciffim</span> <span class='ocrx_word' id='word_1_199' title='bbox 1466 3096 1732 3171; x_wconf 85' lang='lat' dir='ltr'>subditi</span> <span class='ocrx_word' id='word_1_200' title='bbox 1773 3115 1943 3171; x_wconf 83' lang='lat' dir='ltr'>ante</span> <span class='ocrx_word' id='word_1_201' title='bbox 1986 3101 2243 3176; x_wconf 82' lang='lat' dir='ltr'>oculos</span> 
     </span>
    </p>
   </div>
   <div class='ocr_carea' id='block_1_9' title="bbox 252 3193 2375 3293">
    <p class='ocr_par' dir='ltr' id='par_1_10' title="bbox 252 3193 2375 3293">
     <span class='ocr_line' id='line_1_28' title="bbox 252 3193 2375 3293; baseline -0.007 -17"><span class='ocrx_word' id='word_1_202' title='bbox 252 3225 411 3276; x_wconf 88' lang='lat' dir='ltr'>non</span> <span class='ocrx_word' id='word_1_203' title='bbox 452 3200 877 3286; x_wconf 75' lang='lat' dir='ltr'>habuerint,</span> <span class='ocrx_word' id='word_1_204' title='bbox 927 3217 1109 3292; x_wconf 88' lang='lat' dir='ltr'>quae</span> <span class='ocrx_word' id='word_1_205' title='bbox 1138 3195 1226 3268; x_wconf 90' lang='lat' dir='ltr'>ab</span> <span class='ocrx_word' id='word_1_206' title='bbox 1275 3193 1441 3293; x_wconf 84' lang='lat' dir='ltr'>ipfis</span> <span class='ocrx_word' id='word_1_207' title='bbox 1494 3213 1745 3268; x_wconf 86' lang='lat' dir='ltr'>contra</span> <span class='ocrx_word' id='word_1_208' title='bbox 1776 3217 1992 3279; x_wconf 82' lang='lat' dir='ltr'>omne</span> <span class='ocrx_word' id='word_1_209' title='bbox 2019 3196 2127 3287; x_wconf 76' lang='lat' dir='ltr'>fas</span> <span class='ocrx_word' id='word_1_210' title='bbox 2157 3196 2242 3274; x_wconf 82' lang='lat'>&amp;</span> <span class='ocrx_word' id='word_1_211' title='bbox 2367 3237 2375 3244; x_wconf 87' lang='lat'>-</span> 
     </span>
    </p>
   </div>
   <div class='ocr_carea' id='block_1_10' title="bbox 245 3291 2246 3998">
    <p class='ocr_par' dir='ltr' id='par_1_11' title="bbox 245 3291 2246 3998">
     <span class='ocr_line' id='line_1_29' title="bbox 245 3291 2246 3401; baseline -0.003 -25"><span class='ocrx_word' id='word_1_212' title='bbox 245 3305 365 3401; x_wconf 85' lang='lat' dir='ltr'>jus</span> <span class='ocrx_word' id='word_1_213' title='bbox 386 3358 409 3391; x_wconf 89' lang='lat'>‚</span> <span class='ocrx_word' id='word_1_214' title='bbox 468 3315 720 3372; x_wconf 88' lang='grc'>0011113</span> <span class='ocrx_word' id='word_1_215' title='bbox 749 3317 949 3380; x_wconf 83' lang='grc'>03111,</span> <span class='ocrx_word' id='word_1_216' title='bbox 983 3315 1192 3392; x_wconf 85' lang='lat' dir='ltr'>quam</span> <span class='ocrx_word' id='word_1_217' title='bbox 1231 3291 1372 3366; x_wconf 86' lang='lat' dir='ltr'>tibi</span> <span class='ocrx_word' id='word_1_218' title='bbox 1410 3291 1680 3366; x_wconf 89' lang='lat' dir='ltr'>debent</span> <span class='ocrx_word' id='word_1_219' title='bbox 1709 3293 1926 3367; x_wconf 87' lang='lat' dir='ltr'>fidem</span> <span class='ocrx_word' id='word_1_220' title='bbox 1964 3291 2044 3367; x_wconf 83' lang='lat'>&amp;</span> <span class='ocrx_word' id='word_1_221' title='bbox 2069 3297 2246 3370; x_wconf 84' lang='lat' dir='ltr'>obe·</span> 
     </span>
     <span class='ocr_line' id='line_1_30' title="bbox 249 3389 2242 3497; baseline -0.004 -22"><span class='ocrx_word' id='word_1_222' title='bbox 249 3397 617 3475; x_wconf 85' lang='lat' dir='ltr'>dientiam</span> <span class='ocrx_word' id='word_1_223' title='bbox 638 3450 664 3485; x_wconf 85' lang='lat'><strong>,</strong></span> <span class='ocrx_word' id='word_1_224' title='bbox 688 3389 789 3466; x_wconf 87' lang='lat'>&amp;</span> <span class='ocrx_word' id='word_1_225' title='bbox 826 3409 1077 3465; x_wconf 85' lang='grc'>0011113</span> <span class='ocrx_word' id='word_1_226' title='bbox 1116 3410 1399 3465; x_wconf 82' lang='grc'>1110111111</span> <span class='ocrx_word' id='word_1_227' title='bbox 1440 3389 1749 3488; x_wconf 88' lang='lat' dir='ltr'>ipsorum</span> <span class='ocrx_word' id='word_1_228' title='bbox 1795 3416 1883 3468; x_wconf 88' lang='lat' dir='ltr'>ac</span> <span class='ocrx_word' id='word_1_229' title='bbox 1921 3391 2242 3497; x_wconf 57' lang='lat' dir='ltr'>patriae,</span> 
     </span>
     <span class='ocr_line' id='line_1_31' title="bbox 248 3487 2240 3598; baseline -0.004 -23"><span class='ocrx_word' id='word_1_230' title='bbox 248 3501 451 3598; x_wconf 79' lang='lat' dir='ltr'>cujus</span> <span class='ocrx_word' id='word_1_231' title='bbox 500 3489 857 3570; x_wconf 87' lang='lat' dir='ltr'>libertatis</span> <span class='ocrx_word' id='word_1_232' title='bbox 890 3489 967 3564; x_wconf 84' lang='lat' dir='ltr'>se</span> <span class='ocrx_word' id='word_1_233' title='bbox 1002 3487 1403 3562; x_wconf 84' lang='lat' dir='ltr'>defensores</span> <span class='ocrx_word' id='word_1_234' title='bbox 1444 3489 1866 3586; x_wconf 84' lang='lat' dir='ltr'>profitentur</span> <span class='ocrx_word' id='word_1_235' title='bbox 1894 3549 1919 3584; x_wconf 87' lang='lat'><strong>,</strong></span> <span class='ocrx_word' id='word_1_236' title='bbox 1967 3492 2240 3568; x_wconf 83' lang='lat' dir='ltr'>utilita-</span> 
     </span>
     <span class='ocr_line' id='line_1_32' title="bbox 253 3573 2242 3690; baseline -0.003 -19"><span class='ocrx_word' id='word_1_237' title='bbox 253 3613 401 3670; x_wconf 85' lang='lat' dir='ltr'>tem</span> <span class='ocrx_word' id='word_1_238' title='bbox 440 3653 467 3688; x_wconf 85' lang='lat'><strong><em>‚</em></strong></span> <span class='ocrx_word' id='word_1_239' title='bbox 512 3593 639 3670; x_wconf 81' lang='lat' dir='ltr'>vel</span> <span class='ocrx_word' id='word_1_240' title='bbox 692 3587 1037 3663; x_wconf 83' lang='lat' dir='ltr'>ferociter</span> <span class='ocrx_word' id='word_1_241' title='bbox 1080 3585 1160 3662; x_wconf 85' lang='lat'>&amp;</span> <span class='ocrx_word' id='word_1_242' title='bbox 1202 3573 1721 3666; x_wconf 61' lang='lat' dir='ltr'>contumaciter</span> <span class='ocrx_word' id='word_1_243' title='bbox 1755 3646 1782 3680; x_wconf 85' lang='lat'><strong>,</strong></span> <span class='ocrx_word' id='word_1_244' title='bbox 1839 3609 2050 3690; x_wconf 90' lang='lat' dir='ltr'>atque</span> <span class='ocrx_word' id='word_1_245' title='bbox 2111 3591 2242 3667; x_wconf 86' lang='lat' dir='ltr'>ali-</span> 
     </span>
     <span class='ocr_line' id='line_1_33' title="bbox 261 3685 2242 3795; baseline -0.001 -27"><span class='ocrx_word' id='word_1_246' title='bbox 261 3695 541 3795; x_wconf 87' lang='lat' dir='ltr'>quando</span> <span class='ocrx_word' id='word_1_247' title='bbox 588 3687 966 3767; x_wconf 85' lang='lat' dir='ltr'>furibunde</span> <span class='ocrx_word' id='word_1_248' title='bbox 1005 3685 1196 3785; x_wconf 81' lang='lat' dir='ltr'>gesta</span> <span class='ocrx_word' id='word_1_249' title='bbox 1225 3743 1250 3778; x_wconf 86' lang='lat'><strong>,</strong></span> <span class='ocrx_word' id='word_1_250' title='bbox 1314 3688 1439 3762; x_wconf 81' lang='lat' dir='ltr'>vel</span> <span class='ocrx_word' id='word_1_251' title='bbox 1498 3687 1851 3788; x_wconf 49' lang='lat' dir='ltr'>flagitiose</span> <span class='ocrx_word' id='word_1_252' title='bbox 1909 3689 2242 3768; x_wconf 79' lang='lat' dir='ltr'>socordia</span> 
     </span>
     <span class='ocr_line' id='line_1_34' title="bbox 259 3785 2237 3890; baseline -0.001 -24"><span class='ocrx_word' id='word_1_253' title='bbox 259 3811 472 3888; x_wconf 85' lang='lat' dir='ltr'>atque</span> <span class='ocrx_word' id='word_1_254' title='bbox 521 3785 807 3890; x_wconf 78' lang='lat' dir='ltr'>ignavia</span> <span class='ocrx_word' id='word_1_255' title='bbox 851 3786 1146 3862; x_wconf 86' lang='lat' dir='ltr'>tolerata</span> <span class='ocrx_word' id='word_1_256' title='bbox 1194 3809 1283 3860; x_wconf 91' lang='lat' dir='ltr'>ac</span> <span class='ocrx_word' id='word_1_257' title='bbox 1325 3785 1739 3864; x_wconf 82' lang='lat' dir='ltr'>diffirnulata</span> <span class='ocrx_word' id='word_1_258' title='bbox 1783 3787 1938 3864; x_wconf 87' lang='lat' dir='ltr'>sunt</span> <span class='ocrx_word' id='word_1_259' title='bbox 1956 3845 1979 3881; x_wconf 92' lang='lat'><strong>,</strong></span> <span class='ocrx_word' id='word_1_260' title='bbox 2025 3810 2237 3890; x_wconf 86' lang='lat' dir='ltr'>atque</span> 
     </span>
     <span class='ocr_line' id='line_1_35' title="bbox 251 3879 2236 3998; baseline 0 -33"><span class='ocrx_word' id='word_1_261' title='bbox 251 3890 429 3966; x_wconf 87' lang='lat' dir='ltr'>ideo</span> <span class='ocrx_word' id='word_1_262' title='bbox 460 3911 553 3964; x_wconf 88' lang='lat' dir='ltr'>ne</span> <span class='ocrx_word' id='word_1_263' title='bbox 596 3885 885 3988; x_wconf 82' lang='lat' dir='ltr'>propter</span> <span class='ocrx_word' id='word_1_264' title='bbox 934 3885 1135 3998; x_wconf 46' lang='lat' dir='ltr'>haec·</span> <span class='ocrx_word' id='word_1_265' title='bbox 1156 3905 1433 3985; x_wconf 77' lang='lat' dir='ltr'>quoque</span> <span class='ocrx_word' id='word_1_266' title='bbox 1482 3879 1841 3986; x_wconf 60' lang='lat' dir='ltr'>aequiores</span> <span class='ocrx_word' id='word_1_267' title='bbox 1872 3911 1917 3963; x_wconf 89' lang='lat' dir='ltr'>a</span> <span class='ocrx_word' id='word_1_268' title='bbox 1946 3908 2018 3962; x_wconf 88' lang='lat' dir='ltr'>te</span> <span class='ocrx_word' id='word_1_269' title='bbox 2057 3914 2236 3965; x_wconf 89' lang='lat' dir='ltr'>con-</span> 
     </span>
    </p>
   </div>
   <div class='ocr_carea' id='block_1_11' title="bbox 244 3984 2258 4086">
    <p class='ocr_par' dir='ltr' id='par_1_12' title="bbox 244 3984 2258 4094">
     <span class='ocr_line' id='line_1_36' title="bbox 244 3984 2258 4086; baseline -0.005 -14"><span class='ocrx_word' id='word_1_270' title='bbox 244 3989 579 4072; x_wconf 75' lang='lat' dir='ltr'>ditiones</span> <span class='ocrx_word' id='word_1_271' title='bbox 592 3984 969 4086; x_wconf 73' lang='lat' dir='ltr'>..impetrati</span> <span class='ocrx_word' id='word_1_272' title='bbox 988 4004 1387 4086; x_wconf 62' lang='lat' dir='ltr'>patrantur:</span> <span class='ocrx_word' id='word_1_273' title='bbox 1441 3985 2042 4072; x_wconf 75' lang='lat' dir='ltr'>tua=nihilominus</span> <span class='ocrx_word' id='word_1_274' title='bbox 2067 3991 2258 4062; x_wconf 68' lang='grc' dir='ltr'>Μα-ῑ</span> 
     </span>
    </p>
   </div>
   <div class='ocr_carea' id='block_1_12' title="bbox 1267 4082 2234 4206">
    <p class='ocr_par' dir='ltr' id='par_1_13' title="bbox 1267 4082 2234 4206">
     <span class='ocr_line' id='line_1_37' title="bbox 1267 4082 2234 4206; baseline -0.001 -44"><span class='ocrx_word' id='word_1_275' title='bbox 1267 4085 1363 4206; x_wconf 24' lang='lat' dir='ltr'>H!</span> <span class='ocrx_word' id='word_1_276' title='bbox 1395 4104 1444 4174; x_wconf 75' lang='grc' dir='ltr'>,ς</span> <span class='ocrx_word' id='word_1_277' title='bbox 1980 4082 2234 4190; x_wconf 63' lang='lat' dir='ltr'>jestae,</span> 
     </span>
    </p>
   </div>
  </div>
 </body>
</html>
