3017 5200
839 400 979 509 ²42
1151 405 2463 513 Coss‘rants-‚Scuz‘rt

839 582 1290 665 concordiam
1351 580 1901 676 recuperandam
1976 578 2268 655 affertur
2299 634 2321 669 ,
2398 575 2625 653 nihil..
2662 576 2816 651 effe

837 684 1058 773 aliud,
1107 704 1312 779 quam
1345 678 1722 764 summam,
1768 678 1841 751 in
1876 678 2273 753 neceffiriis
2312 676 2404 749 ad
2446 696 2605 750 eam
2646 699 2817 749 rem

829 781 1244 867 adhibendis
1285 776 1656 873 remediis,
1704 777 2021 851 omnium
2066 776 2393 849 ordinum
2436 774 2823 872 negligen-

831 881 1057 955 tiam:
1128 876 1294 949 five.
1339 895 1577 951 autem
1644 874 2070 973 negligentia
2128 872 2361 947 nostra
2406 873 2483 947 in
2526 897 2618 945 eo
2678 872 2821 947 sita

831 978 967 1067 fit,
1021 974 1214 1073 quod
1253 973 1792 1067 conruptisfimos
1838 970 2377 1047 Christianorum
2426 970 2819 1060 omnium,

836 1070 1853 1169 &potiffimum-sacerdotum
1878 1127 1898 1159 ‚
1934 1095 2161 1145 mores
2187 1125 2207 1158 ‚
2255 1070 2505 1142 veteris
2529 1070 2817 1141 Eccle-

833 1172 1146 1249 fiasticae
1179 1168 1585 1267 disciplinae
1618 1168 2057 1243 restitutione
2076 1192 2277 1259 ,non
2298 1168 2765 1250 emendamus
2782 1191 2813 1241 z

841 1270 1100 1344 sivein
1135 1294 1266 1357 eo,
1312 1266 1496 1365 quod
1528 1269 1898 1343 nonnullos
1943 1266 2499 1363 superstitionum
2542 1264 2831 1352 abusus*

745 1405 753 1415 ·
843 1366 1236 1443 Christiana
1288 1368 1607 1439 libertate
1642 1422 1665 1455 ,
1730 1366 2084 1463 gravitate
2132 1364 2210 1439 δε
2252 1362 2594 1461 sapientia
2642 1384 2805 1437 non

838 1468 1180 1543 tollimus:
1235 1464 1378 1537 five
1407 1464 1622 1537 etiam
1662 1466 1731 1539 in
1776 1488 1907 1553 eo,
1957 1464 2141 1561 quod
2188 1464 2504 1536 duriores
2538 1460 2618 1533 δι
2664 1461 2807 1533 ini·

842 1566 1124 1665 quiores
1157 1562 1508 1635 interdum
1546 1564 1777 1637 sumus
1819 1563 1891 1635 in
1934 1560 2347 1658 quibusdam
2392 1558 2805 1632 conceden-

843 1662 991 1751 dis,
1026 1661 1138 1733 vel
1163 1660 1668 1753 ,diffimulandis
1708 1684 1788 1734 ac
1823 1659 2233 1753 tolerandis,
2286 1681 2463 1755 quae
2504 1681 2653 1730 non
2688 1657 2801 1729 so-

838 1759 988 1833 lum
1049 1758 1486 1834 Catholicam
1558 1758 2009 1857 Religionem
2070 1757 2389 1831 concessa
2453 1779 2601 1829 non
2662 1756 2807 1827 lae·

840 1860 1126 1945 derent,
1194 1882 1441 1932 verum
1491 1858 1707 1931 etiam
1768 1856 2099 1952 plurimos
2165 1854 2354 1931 forte
2398 1851 2481 1928 ἅ
2538 1853 2618 1926 in
2676 1856 2807 1927 Ca-

839 1955 1108 2028 tholica
1143 1954 1457 2029 Ecclefia·
1482 1956 1891 2043 retinerent,
1936 1952 2145 2051 &fab
2194 1977 2277 2027 ea
2320 1953 2663 2029 alienatos
2698 1975 2839 2024 re-,

836 2073 1220 2127 vocarent:
1269 2052 1414 2125 five
1445 2052 1797 2147 postremo
1844 2052 1920 2125 in
1954 2076 2043 2125 eo
2068 2054 2565 2149 peccavimus,
2616 2050 2807 2147 quod

838 2166 991 2223 tam
1038 2149 1300 2224 validas
1333 2148 1679 2247 ‘hastenus
1729 2174 1871 2224 non
1918 2175 1965 2223 o
2016 2150 2371 2245 posuimus
2420 2148 2809 2223 haereticis

845 2246 1410 2339 confutationes,
1459 2272 1678 2347 quae,
1719 2250 1831 2320 vel
1868 2248 2025 2345 ipis
2076 2248 2484 2345 judicibus,
2531 2249 2796 2343 impro-
2846 2246 2851 2253 ’

843 2348 1054 2429 bat-ae
1123 2344 1200 2419 δι
1278 2346 1536 2443 impiae
1612 2344 1977 2421 dostrinae
2042 2346 2349 2443 ipsorum
2417 2345 2801 2439 falsitatem

839 2442 1436 2531 demonstrarent,
1482 2442 1559 2517 ἃ
1603 2445 1737 2519 illis
1782 2444 2189 2519 minitantes
2235 2446 2590 2520 veriffime
2630 2470 2811 2543 pro-‚

839 2543 1091 2618 barent
1122 2542 1292 2616 resse
1361 2541 1753 2618 haereticos
1788 2599 1813 2633 ‚
1874 2544 2017 2618 hoc
2070 2540 2171 2616 est
2202 2601 2227 2634 ,
2288 2562 2367 2618 ut
2416 2542 2805 2642 Apostolus

843 2647 963 2714 eos
1003 2661 1262 2730 vocat,
1313 2640 1599 2738 proprio
1626 2640 1902 2738 judicio
1931 2643 2457 2719 condemnatos.
2522 2647 2639 2717 De
2687 2642 2801 2716 his

843 2739 1213 2836 aliquando
1263 2740 1551 2814 tandem
1598 2739 1835 2812 seriam
1872 2741 2378 2836 cogitationem
2410 2739 2809 2838 suscipere,

843 2836 1006 2912 satis
1055 2835 1326 2920 constat
1370 2838 1458 2938 ad
1514 2837 1899 2933 primorum
1953 2837 2305 2914 Ecclesiae
2354 2841 2760 2934 Principum
2778 2893 2819 2930 ,-

842 2934 988 3008 hoc
1025 2931 1164 3021 est,
1215 2933 1639 3008 Pontificum
1668 2935 1744 3008 &
1778 2939 2101 3034 Regum,
2136 2962 2376 3014 curam
2418 2937 2803 3034 pertinere.

846 3031 1018 3110 Sive
1081 3052 1314 3109 autem
1379 3031 1625 3120 rursus,
1661 3033 1837 3106 haec
1907 3035 2319 3132 praestanda
2368 3035 2515 3108 sunt
2554 3091 2579 3125 ,
2664 3061 2800 3132 per

839 3127 1714 3220 universale‘.Concilium,
1762 3129 1902 3206 five
1942 3156 2065 3230 per
2104 3135 2401 3208 liberum
2436 3133 2803 3232 quoddam

847 3228 1035 3327 inter
1065 3225 1389 3307 §nostros
1471 3225 1550 3302 δε
1612 3229 2035 3306 adversarios
2091 3233 2515 3330 colloquium
2549 3289 2575 3322 ,
2653 3233 2801 3306 five

735 3389 744 3396 t
844 3332 973 3424 pe‘r
1030 3322 1397 3424 singulares
1457 3349 1618 3400 cum
1681 3327 1839 3424 ipsis
1905 3329 1975 3404 in
2036 3331 2445 3428 quibusdam
2506 3330 2793 3429 provin.-

851 3425 984 3502 ciis
1043 3422 1480 3522 congress'us,
1533 3425 1675 3500 five
1719 3425 1965 3502 exac‘ta
2009 3429 2307 3526 quadam
2358 3431 2801 3529 privatorum

843 3523 1263 3620 scriptorum
1315 3547 1529 3620 opera
1560 3581 1583 3614 ,
1658 3522 1800 3598 five
1862 3525 2093 3622 potius
2138 3529 2265 3602 his·
2295 3529 2525 3604 modis
2561 3527 2803 3601 omni.-

843 3621 1016 3700 bus.
1073 3641 1342 3696 certum
1391 3619 1490 3694 est
1532 3622 2053 3722 nihilominus,
2106 3650 2189 3701 ea
2238 3629 2510 3702 ratione
2555 3623 2803 3726 (quod

842 3715 1172 3824 ha6benus
1249 3717 1433 3793 forte
1493 3741 1573 3796 a.
1605 3721 1803 3794 nobis
1875 3719 2139 3798 fufium
2194 3749 2333 3800 non
2396 3723 2547 3824 est)
2626 3726 2802 3798 haec

841 3835 1077 3890 omma
1151 3815 1571 3897 instituenda
1594 3873 1621 3912 ,
1689 3841 1864 3916 quae
1935 3841 2191 3922 magna
2242 3823 2752 3924 probabilitate
2772 3875 2824 3919 ,-

874 3971 880 3974 -
2568 3923 2809 3998 Deum

1379 4153 1409 4201 Nx
