3017 5200
1717 220 1720 225 .
1737 182 1772 214 Α
1877 182 1882 205 ἱ

542 502 655 600 Jo.
706 502 1103 577 Ausi-ntae.
1154 507 1251 611 Er
1310 489 1503 577 Ono.
1538 458 1938 591 ‘Batorcosss
2139 524 2230 600 33

272 670 277 675 ’
346 674 511 783 Qua
538 674 1008 749 declaratione
1054 696 1219 751 cum
1266 676 1642 750 arbitrarer
1680 676 2028 753 Austriaci
2062 678 2234 752 ani-t

233 776 451 849 inum
487 774 757 873 abunde
790 775 1219 849 declaratum
1242 832 1263 865 ,
1316 774 1624 869 primum
1657 795 1799 851 tam
1844 778 2212 853 salutarem

263 871 715 969 Reipublicae
756 872 1181 947 sententiam
1239 872 1640 947 collaudans
1677 932 1698 965 ,
1747 874 1826 950 &
1874 896 2208 974 quantam

244 971 365 1044 ·ex'
400 994 487 1043 eo
530 972 971 1069 voluptatem
1015 970 1468 1066 conceperim
1502 1027 1526 1062 ,
1595 972 2014 1049 contestatus
2043 1033 2064 1066 ,
2117 998 2211 1050 ne

240 1088 389 1148 tam
432 1069 731 1165 pulchra
782 1068 961 1143 haec
1010 1070 1243 1143 oratio
1294 1068 1435 1141 fine
1478 1072 1958 1145 emolumento
1988 1073 2065 1147 &
2097 1074 2207 1148 in-

247 1166 591 1263 fructuosa
626 1166 1049 1265 dilaberetur
1082 1166 1109 1257 ,‘
1138 1168 1319 1243 suae
1368 1168 1742 1242 Serenitati
1773 1168 2147 1246 suadebam
2169 1229 2196 1263 ,

244 1282 365 1353 utt,
402 1264 505 1337 ad
548 1263 932 1339 sedandum
966 1282 1064 1363 po·
1118 1268 1377 1339 ulai-em
1417 1273 1739 1358 motum,
1788 1280 2002 1365 quem
2047 1294 2199 1343 cer-

156 1376 158 1378 ’
238 1364 495 1436 tissime
533 1362 849 1437 novitius
880 1364 1001 1437 hic'
1036 1291 1113 1437 ἕ
1155 1364 1453 1439 insolens
1486 1364 1648 1440 suus¹
1680 1366 1754 1440 in
1787 1370 2054 1440 Arcem
2087 1392 2196 1441 re-

229 1460 459 1536 cess'us
514 1462 909 1537 causaturus
950 1462 1119 1537 effet
1152 1472 1183 1555 ,³
1224 1462 1428 1559 liujus
1475 1462 1636 1537 suae
1683 1464 2200 1542 voluntatis'ac

214 1560 771 1639 ‘benevolentiae
816 1561 1081 1660 insigne
1128 1560 1610 1635 testimonium
1655 1562 2083 1661 publicatum
2129 1565 2209 1640 in.

226 1660 489 1758 vulgus
520 1657 1078 1733 disseminaretur
1099 1686 1121 1749 3
1144 1658 1457 1735 asserens
1496 1660 1730 1735 videri
1760 1662 2196 1760 pernecessa-

220 1758 405 1831 ri‘um
429 1814 456 1848 ,
514 1775 591 1831 ut
628 1757 705 1833 in
739 1758 931 1833 hunc
958 1758 1175 1831 finem·
1209 1757 1325 1831 sua
1376 1759 1725 1833 Serenitas
1760 1760 1850 1833 ad
1885 1760 2193 1849 Ordines

218 1856 426 1931 daret
467 1855 731 1929 litteras
757 1856 1003 1953 plene,
1060 1857 1451 1955 explicate,-
1496 1856 1577 1933 δε
1606 1858 1900 1934 definite
1933 1862 2196 1933 volun-

219 1974 461 2027 tatem·
524 1954 1022 2053 consiliumque
1076 1956 1270 2030 suum
1336 1949 1890 2053 complectentes
1925 2012 1947 2046 ,
2018 1982 2198 2055 quae

216 2052 578 2127 distractis
619 2054 959 2151 exemplis
996 2077 1125 2151 per
1163 2052 1568 2152 provincias
1620 2044 2199 2155 divulgarentur,

216 2152 313 2225 ad
340 2152 543 2225 hunc
564 2152 845 2249 quidem
863 2154 1153 2227 modum
1176 2210 1197 2241 ‚
1233 2172 1590 2251 tamquam
1607 2155 1894 2252 publico
1921 2151 2193 2253 scripto

214 2253 559 2325 omnibus
606 2254 848 2348 paffim
898 2252 1307 2326 mortalibus
1372 2252 1675 2327 instituti
1736 2252 1842 2328 sui
1887 2252 2199 2325 rationes

210 2349 547 2423 constare
583 2350 774 2446 poffe
809 2407 830 2439 ,
885 2374 1074 2446 ‚quae
1114 2368 1352 2450 motus
1406 2364 1640 2427 novos
1717 2350 2216 2450 compescant,

208 2448 495 2523 Placuit
524 2448 683 2521 suae
716 2448 1097 2522 Serenitati
1133 2446 1497 2521 consilium
1531 2502 1552 2534 ,
1604 2446 1684 2519 ἅ
1742 2446 2192 2542 provinciam

142 2625 153 2634 ,
204 2546 406 2622 hanc
439 2542 1195 2642 di&andae‚Epistolae
1243 2542 1419 2643 mihi
1471 2544 1900 2642 delegax'rit..¹
1952 2545 2194 2642 Atque

212 2669 369 2742 ego
434 2663 722 2740 operam
775 2643 962 2716 hanc
1010 2641 1429 2716 &laborem
1465 2655 1611 2716 non
1645 2643 1988 2740 gravatim
2013 2642 2192 2717 Rei-

213 2740 559 2842 publicae
598 2741 1012 2838 impendens
1047 2797 1068 2831 ‚
1120 2741 1454 2838 concepti
1513 2741 1890 2816 formulam
1932 2743 2186 2816 Arsco-
2244 2798 2248 2809 .

208 2862 400 2916 tano
435 2841 629 2913 Duci
674 2839 753 2915 δε
778 2839 1189 2916 Marchioni
1228 2840 1608 2928 Havraem
1654 2839 1771 2940 qui
1819 2861 1970 2918 tum
2002 2860 2186 2915 tem-

205 2939 415 3038 poris
444 2938 730 3012 aderant
758 2995 781 3030 ,
829 2938 1111 3038 reliquis
1161 2937 1372 3013 etiam
1418 2938 1838 3014 Confiliariis
1878 2998 1900 3033 ,
1951 2940 2067 3014 sed
2103 2937 2188 3015 δε

208 3037 489 3113 Bai-oni
536 3035 1047 3136 RaffingemiO,
1098 3037 1215 3136 qui
1243 3039 1578 3112 Bruxellis
1619 3037 1784 3112 illuc
1812 3040 2191 3129 ¹redierat,
2235 3120 2241 3140 ¹
2293 3073 2298 3076 ·

206 3135 752 3226 communico,
786 3159 1082 3234 quorum
1128 3136 1445 3210 omnium
1486 3135 1800 3234 judiciQ
1848 3135 1928 3210 δε
1961 3135 2182 3211 aisen-

206 3236 289 3310 su
318 3234 584 3330 scripti·
604 3235 833 3306 forma
878 3234 1339 3331 comprobata
1390 3233 1491 3306 est
1524 3290 1546 3322 ,
1597 3233 1809 3332 paulo
1902 3233 2008 3306 ost
2032 3236 2185 3309 Au-

200 3333 481 3407 striaco
533 3331 857 3405 exhibita
902 3333 1080 3422 fuit,
1131 3332 1247 3405 cui
1288 3331 1606 3428 quamvis
1645 3329 1782 3403 affe
1855 3331 2008 3405 isset
2033 3389 2056 3425 ‚
2105 3331 2187 3407 δε
2251 3335 2256 3338 ’

204 3431 357 3530 ipse
392 3431 805 3526 exemplum
848 3449 1089 3504 tamen
1118 3429 1473 3522 describi,
1523 3429 1786 3526 sibique
1825 3431 2011 3505 tradi
2055 3455 2186 3530 pe-

206 3533 412 3616 tebat
445 3587 467 3621 ,
538 3553 679 3624 quo
739 3529 1074 3602 maturius
1130 3527 1559 3628 aliquantum
1607 3528 1696 3601 de
1744 3537 1824 3600 re
1880 3548 2035 3604 tota
2075 3529 2181 3606 se-

216 3651 384 3700 cum
454 3629 605 3724 ipse
668 3625 1103 3702 deliberaret.
1236 3627 1564 3725 Recepto
1635 3627 1876 3723 itaque
1941 3627 2029 3702 ad
2109 3627 2184 3702 se

214 3726 652 3838 exemplari,
738 3750 901 3800 cum
969 3722 1303 3823 postridie
1374 3724 1762 3806 concilium
1844 3745 2181 3826 cogeret,

215 3839 303 3894 ut
334 3825 754 3920 reliquorum
797 3881 819 3915 ,
885 3825 1060 3924 quid
1128 3824 1217 3897 de
1265 3824 1383 3896 cis
1458 3824 1718 3900 litteris
1785 3826 2176 3916 sentirent,

209 3941 540 3996 mentem
615 3923 1014 4022 exquireret
1039 3979 1061 4012 ,
1128 3921 1204 3996 in
1289 3922 1542 3998 eodem
1601 3924 1927 4000 ⁴consess‘u
1991 3924 2184 3998 aliud

208 4018 698 4116 conscriptum
736 4024 810 4102 in
854 4021 1153 4106 eandem
1200 4020 1482 4118 quidem
1527 4023 1947 4112 sententiam
1988 4021 2197 4094 exhi-

378 4121 385 4130 ’
624 4197 633 4202 ,
1230 4122 1292 4204 C
1961 4118 2196 4202 bitum

610 4239 637 4292 l
