3017 5200
776 537 925 612 206
1134 527 2438 611 C·AsrAnrsScn.2·rr

774 726 921 781 tem
964 701 1101 777 inis
1162 703 1325 801 ipfis
1376 696 1678 777 san’ffis·
1691 700 1772 777 ἃ
1809 702 1946 799 piis
1995 704 2436 805 Principibus
2487 706 2565 781 in
2519 700 2768 783 nuria

776 804 929 880 fieri
954 802 1319 891 videatur,
1346 802 1535 899 quod
1563 799 1870 897 ipsorum
1899 826 2172 901 quoque
2206 806 2442 878 fides
2421 830 2494 880 m
2562 807 2760 903 uspi-

777 905 1067 977 cionem
1098 918 1455 989 vocetur,
1504 919 1710 993 atque
1753 900 1888 995 ipfi
1930 924 2202 999 quoque
2231 925 2604 1000 propterea
2631 904 2762 979 su-

776 1026 901 1099 pra
942 998 1419 1111 jusjurandum
1476 994 1836 1070 cautiones
1871 998 2038 1073 alias
2081 1000 2426 1096 praestare
2469 1025 2758 1099 cogun-

772 1118 891 1172 tur
927 1153 951 1184 ,
1016 1098 1091 1171 id
1136 1095 1390 1191 ipsum
1412 1111 1696 1168 tamen·
1713 1120 1922 1193 aegre
1979 1098 2164 1171 ferre
2221 1121 2368 1173 non
2424 1100 2694 1175 debent
2715 1153 2750 1187 ‚

770 1220 939 1271 cum
962 1250 983 1284 ‚
1048 1196 1337 1267 aliorum
1408 1192 1624 1265 toties
1697 1198 2162 1295 exploratam
2209 1196 2756 1310 improbitatem

771 1316 919 1369 non
948 1292 1269 1391 injustam
1296 1291 1472 1363 huic
1514 1291 1752 1364 timori
1787 1293 2076 1366 causam
2097 1288 2457 1391 ptaebere‚
2479 1296 2752 1369 intelli-

770 1410 971 1504 gant..
1070 1394 1283 1465 Tune
1315 1411 1499 1463 vero
1555 1388 1780 1463 minus
1831 1414 1952 1464 eos
1999 1392 2136 1466 hac
2186 1394 2275 1467 de
2323 1394 2526 1470 causa
2555 1392 2754 1467 indi-

770 1491 973 1588 gnari
1019 1508 1341 1585 oportet,
1405 1511 1614 1577 cum,
1653 1489 1766 1560 vel
1813 1510 2187 1585 occupatas
2233 1494 2322 1565 ab
2373 1492 2526 1567 aliis
2561 1511 2743 1587 pro-

771 1590 1045 1667 vincias
1092 1587 1269 1660 snas
1298 1608 1478 1659 non·
1502 1606 1850 1699 repetere·
1865 1644 1885 1676 ‚
1949 1591 2103 1660 vel
2115 1588 2604 1665 autfini-itatem
2661 1588 2750 1664 ἃ

764 1687 1185 1803 potestatem
1230 1684 1570 1758 divinitus
1617 1684 1741 1759 fibi
1804 1684 1876 1759 in
1943 1686 2120 1759 alios
2158 1688 2552 1764 concessam
2603 1687 2744 1763 im-

765 1784 1142 1873 minuere,
1206 1782 1320 1855 vel
1374 1807 1626 1880 graves
1677 1780 1800 1857 suo
1842 1784 2142 1880 judicio
2175 1785 2300 1859 fibi
2338 1788 2570 1859 illatas
2607 1840 2632 1873 ‚
2699 1810 2742 1860 a

764 1885 1019 1982 quibus
1047 1842 1341 1957 minime
1370 1882 1719 1971 decebat,
1770 1880 2054 1977 injurias
2095 1881 2350 1958 inultas
2389 1884 2740 1994 relinque-

762 2004 884 2070 re,
936 1982 1051 2054 vel
1081 2003 1229 2054 non
1262 1980 1853 2053 contemnendum
1895 1980 2176 2077 aliquod
2221 1982 2503 2055 sanetae·
2535 1982 2737 2056 Reli·

764 2078 1010 2177 gionis
1030 2078 1416 2175 pericnlum
1448 2094 1796 2168 metuere,
1835 2081 2205 2183 cog'untur.
2308 2080 2579 2194 Quodsi
2607 2082 2744 2155 hae
2807 2092 2820 2106 ‘

766 2200 1011 2253 omes
1034 2178 1125 2251 ad
1164 2200 1309 2251 non
1338 2175 1678 2250 servanda
1697 2170 2026 2272 proinissa
2055 2178 2296 2254 causae
2331 2180 2532 2255 forte
2566 2202 2738 2252 con·

768 2294 1169 2367 auferent,
1220 2274 1582 2349 inufitatae
1621 2274 1912 2371 prorsus
1941 2294 2158 2373 atque
2205 2276 2541 2351 heroicae
2589 2278 2734 2351 vir-

769 2376 943 2449 tutis
973 2374 1185 2462 efflet,
1206 2374 1318 2448 vel
1348 2373 1614 2446 fincere
1645 2372 1823 2447 baec
1845 2374 2244 2484 quempiam
2274 2375 2740 2471 promittere,

686 2518 697 2527 ·
769 2475 928 2561 vel,
968 2473 1337 2549 occasione
1365 2470 1608 2585 postea
1657 2471 1820 2545 data
1863 2471 2100 2545 animo
2137 2474 2261 2557 suo
2325 2493 2433 2547 tot
2500 2476 2736 2565 modis

762 2570 1270 2662 satisfaciendi,
1320 2569 1804 2668 prornifforum
1833 2570 2171 2646 memoria
2205 2572 2586 2664 retardari,
2620 2574 2737 2646 vel

766 2669 1096 2770 promissa
1127 2671 1313 2765 ipsa,
1338 2669 1572 2766 priore
1611 2688 1883 2744 mutata
1917 2670 2302 2758 sententia,
2352 2631 2733 2769 turpitudi-

766 2771 928 2856 ni·‚s
982 2766 1407 2857 labem-diae,
1474 2787 1684 2864 atque
1730 2764 2116 2864 impietatis
2154 2791 2318 2841 non
2371 2769 2731 2847 damnare.

760 2823 1251 2980 Qia’mobrem
1278 2865 1631 2939 neminem
1679 2865 1918 2940 mirari
1963 2867 2224 2956 decet,
2273 2891 2432 2940 cum
2476 2871 2730 2942 adver-

763 2965 971 3040 sarius
1002 2964 1149 3059 ejus
1180 2963 1400 3035 vitam
1432 2965 1590 3038 ·s1v'e
1627 2963 1952 3038 fortunas
1991 2965 2195 3038 suas
2177 2989 2250 3038 m
2287 2965 2718 3042 manifestum

761 3062 1031 3140 recusat
1088 3059 1443 3158 conjicere
1492 3060 1946 3160 periculum,
2015 3062 2203 3161 quod
2268 3063 2612 3158 profetsto
2639 3063 2718 3138 se

756 3163 1138 3238 subiturum
1184 3161 1457 3251 novit,
1509 3159 1562 3232 fi
1615 3181 1796 3234 tam
1819 3161 2164 3235 excellens
2205 3087 2313 3236 &p
2317 3162 2664 3237 heroica
2643 3187 2728 3238 m

756 3261 833 3356 ip
836 3259 910 3334 so
938 3261 1130 3334 forte
1156 3283 1299 3337 non
1330 3257 1770 3334 inveniretur·
1809 3255 2062 3335 virtus.
2161 3260 2301 3334 His
2343 3281 2580 3335 autem
2621 3261 2727 3335 ita

760 3357 901 3434 fest.-
934 3357 1361 3432 habentibus
1374 3357 1756 3456 ‚Majestas
1790 3377 1908 3432 tua
1945 3355 2112 3431 boni
2159 3359 2510 3450 consulet,
2517 3359 2720 3478 quod

760 3455 1017 3530 subditi
1048 3481 1321 3554 quoque
1355 3457 1501 3548 tui,
1549 3457 1750 3554 supra
1783 3455 2262 3553 praestandum
2317 3482 2359 3531 a
2403 3478 2480 3530 te
2507 3460 2716 3556 jusJ‘u-

760 3554 1115 3645 randum,
1130 3557 1317 3632 aliis
1347 3577 1618 3666 quoque
1648 3555 2048 3628 rationibus
2081 3553 2197 3627 de
2210 3554 2570 3632 servandis
2595 3559 2720 3630 Pa-

758 3651 890 3725 cis
906 3612 1429 3730 conditionibus
1472 3652 1602 3726 fibi
1650 3652 1922 3726 caveri-
1939 3651 2310 3747 postulffent
2429 3654 2724 3758 Conscii

678 3781 692 3792 ·
756 3769 1057 3842 namque
1098 3751 1225 3823 fibi
1276 3751 1488 3838 sunt,
1533 3750 1782 3848 quibus
1831 3749 2138 3846 ipsorum
2181 3749 2390 3826 fastis
2437 3754 2724 3866 patien-

758 3847 930 3934 tiam
966 3867 1212 3920 contra
1260 3839 1411 3925 illos
1468 3867 1660 3920 tuam
1700 3849 2203 3926 exacerbat-int.
2303 3851 2539 3924 :Non
2512 3875 2724 3949 igno-

756 3953 938 4032 rant,
960 3942 1240 4018 unicum
1267 3942 1418 4018 fere
1450 3945 1642 4018 vitae
1669 3967 1827 4018 tuae
1852 3945 1993 4019 effe
2022 3946 2340 4046 scopum,
2357 3968 2436 4022 ut
2457 3945 2718 4024 Catho-

752 4044 964 4128 licam
996 4038 1485 4143 Religionem,
1528 4042 1586 4119 fi
1609 4041 1764 4152 fieri
1807 4063 2055 4145 queat,
2101 4047 2188 4130 in
2220 4056 2388 4128 eum
2405 4045 2726 4135 statum,

878 4201 885 4212 ,
2633 4143 2716 4227 in
