3017 5200
566 508 1136 593 ''Dutootrs
1240 530 1372 615 nn
1450 492 1858 595 'racis'
2051 502 2212 620 '133¹

218 688 301 770 δε
346 690 685 767 aerumnis
725 691 1021 786 liberare
1068 686 1414 764 studeant.
1515 689 1794 765 Vident
1838 691 2224 769 desolatos*

222 790 626 868 &incultos
657 787 979 889 plurimis
1022 786 1098 864 in
1134 786 1309 860 locis
1351 786 1798 865 fertiliffimos
1831 794 2188 891 quondam

224 891 597 989 aliquarum
652 885 1181 985 provinciarum
1254 910 1517 985 agros:
1587 888 1836 961 vident
1895 890 2181 965 Civium

215 990 489 1067 suorum
529 1010 696 1085 opes
760 984 851 1059 ad
912 982 1303 1083 gerendum
1369 984 1652 1079 paribus
1713 986 1979 1061 viribus
2053 1014 2180 1063 no-

226 1086 481 1161 biscum
519 1086 773 1160 bellum
814 1106 962 1157 non
1004 1081 1299 1178 amplius
1338 1080 1650 1157 sufficere
1686 1139 1706 1173 ,
1756 1080 1833 1157 δε
1863 1086 2182 1187 quotidie

218 1182 433 1258 minus
468 1180 914 1257 suffeci-uras:
949 1178 1197 1253 vident
1232 1171 1532 1277 denique
1560 1181 1742 1255 hanc
1764 1239 1784 1273 ,
1815 1201 1963 1255 tam
1996 1184 2181 1283 peri-
2228 1207 2235 1212 ·

216 1280 512 1355 culosam
546 1280 571 1353 i
623 1278 707 1355 fis
744 1299 893 1355 tam
918 1278 991 1357 in
1009 1278 1402 1375 Republica
1420 1302 1626 1377 quam
1659 1279 1732 1352 in
1763 1279 2183 1378 Religione‚

210 1399 525 1453 mutuam
616 1376 1071 1453 iss‘ensionem.
1174 1375 1465 1473 Jac‘tent‘
1492 1399 1664 1475 ergo
1701 1434 1722 1467 ‚
1771 1398 1854 1451 ut
1895 1380 2212 1471 volent,'

210 1479 280 1553 se
315 1476 670 1553 civitates.
696 1478 954 1549 habere
980 1472 1552 1575 inexpugnabiles
1586 1500 1608 1567 3
1657 1474 1845 1573 vires
1875 1476 2139 1551 nostras
2160 1531 2208 1568 ,‚

258 1596 417 1651 rout
465 1576 569 1649 eis
606 1574 1000 1663 videbitur,
1053 1593 1385 1671 tanquam
1422 1571 1515 1645 ad
1531 1574 1797 1647 -bellum
1840 1575 1980 1649 hoc
2007 1574 2189 1665 con-J
2265 1592 2271 1595 ·

266 1672 606 1749 ciendum
666 1674 969 1771 impares
1028 1672 1428 1770 deprimant
1491 1691 1700 1772 atque
1777 1691 2185 1749 extenuent.

212 1772 557 1849 Attamen
597 1829 617 1863 ,
668 1770 741 1845 ni
790 1772 995 1869 plane
1048 1770 1247 1845 caeci
1299 1770 1453 1844 sunt
1488 1824 1510 1859 ,
1563 1768 1969 1869 prospicere
2010 1796 2186 1870 quo·-

212 1892 347 1969 que
368 1868 646 1969 possunt
669 1927 690 1960 ,
717 1892 924 1973 quam
952 1868 1421 1943 intolerabilia
1452 1870 1797 1960 mala,vel
1829 1894 1956 1966 per
1989 1892 2188 1945 exer-

216 1968 403 2043 citus
461 1966 735 2046 nostros
767 2022 789 2055 ‚
852 1968 967 2041 vel
1012 1990 1137 2063 per
1182 1966 1520 2043 summam
1583 1968 1946 2045 caritatem
1973 1966 2052 2043 ὅ(
2080 1968 2188 2043 fa-

203 2076 450 2157 mem,
504 2088 681 2165 quae
703 2066 850 2163 jam
879 2065 952 2138 in
996 2064 1270 2139 foribus
1312 2064 1449 2139 ess'e
1492 2064 1869 2155 videntur,
1923 2068 2036 2142 vel
2063 2090 2194 2165 per

211 2165 505 2239 morbos
532 2220 555 2254 ,
606 2163 917 2239 caritatis
964 2160 1045 2237 δε
1084 2162 1353 2241 inediae
1397 2165 1694 2243 comites
1728 2222 1749 2255 ‚
1814 2164 1941 2239 nis1
1987 2167 2192 2243 Deus'

212 2284 337 2336 eos
372 2262 758 2338 clementer
792 2260 1131 2336 averterit
1169 2318 1191 2351 ‚
1242 2285 1331 2335 ex
1372 2262 1540 2335 belli
1581 2261 2030 2359 longitudine
2057 2262 2194 2335 fint

213 2360 373 2458 ipsrs
404 2352 985 2463 pertimescenda.
1092 2361 1271 2431 Cum
1310 2358 1524 2455 igitur
1571 2374 1814 2432 omnes
1855 2358 2062 2433 facile
2091 2358 2200 2432 in·

211 2458 581 2555 telligant,
633 2458 754 2533 vix
787 2458 993 2545 ullam
1026 2473 1172 2526 tarn
1207 2454 1530 2551 iniquam·
1554 2454 1968 2553 essepacem
1991 2512 2011 2546 ,
2057 2478 2194 2555 qua
2249 2490 2256 2501 =

214 2572 334 2632 tot
380 2576 755 2630 aerumnae
794 2576 935 2627 non
986 2552 1201 2626 ess'ent
1242 2550 1696 2630 redimendae
1730 2611 1752 2646 ,
1802 2553 1946 2629 hoc
1988 2578 2189 2656 prae-

213 2669 415 2728 terea
468 2677 593 2728 nos
636 2651 1213 2727 considerandum
1249 2651 1379 2726 illis
1408 2653 1801 2750 relinquere
1829 2654 2190 2740 dicemus,

212 2777 361 2850 quo
399 2752 688 2826 nomine
714 2749 1037 2848 appellari
1086 2751 1227 2824 hoc
1263 2751 1627 2825 confilium
1661 2750 1951 2828 debeati
1999 2749 2194 2850 quod

214 2852 407 2926 hanc
436 2850 649 2928 etiam
700 2851 954 2940 Pacem
986 2905 1007 2938 ,
1057 2874 1191 2948 qua
1232 2850 1488 2923 nullam
1531 2847 1736 2924 aliam
1788 2849 1948 2948 ipfis
1997 2873 2193 2926 com-

218 2949 630 3023 modiorem
685 2973 727 3022 a
783 2947 1027 3022 divina
1088 2947 1568 3024 misericordia
1627 2965 1896 3046 optare·
1925 2947 2190 3046 potuis-

217 3047 375 3121 sent
408 3105 430 3136 ,
483 3046 851 3146 repudiare
900 3059 1045 3121 non
1086 3046 1461 3122 dubitabit.
1567 3045 1904 3120 Habituri
1949 3070 2074 3142 per
2111 3045 2195 3119 il·
2236 3076 2245 3083 ·

216 3147 361 3218 lam
390 3143 551 3219 sunt
590 3145 908 3220 omnium
944 3202 967 3238 ,
1016 3169 1193 3244 quae
1245 3146 1320 3218 in
1369 3143 1760 3242 provinciis
1801 3142 2200 3241 Majestatis

210 3263 383 3316 tuae
448 3242 638 3340 gesta
692 3243 851 3316 sunt
892 3301 915 3335 ‚
980 3263 1391 3340 perpetuam
1444 3241 1881 3316 oblivionem
1920 3241 2194 3332 3'habi-

210 3341 364 3415 ‘turi
406 3339 562 3414 sunt
600 3365 781 3428 eam,
806 3365 1011 3438 quam
1044 3361 1319 3438 optant,
1342 3340 1413 3412 in
1446 3339 1828 3418 Hollandia
1858 3337 1933 3426 &t
1953 3340 2198 3418 Zelan-

206 3435 332 3512 'dia
382 3437 1202 3537 Religionem3habituri
1229 3439 1439 3514 etiarn
1472 3438 1624 3538 aliis
1648 3437 1732 3512 in
1759 3438 1932 3518 locis
1969 3436 2200 3514 omni-

225 3540 351 3610 bus
386 3539 738 3636 integram
785 3535 1369 3612 conscientiarum
1404 3535 1795 3612 libertatem
1832 3563 1854 3626 ;
1901 3537 2196 3634 provin·-

236 3633 377 3708 cias
421 3636 725 3734 denique
778 3634 1282 3711 suas.habituri
1322 3633 1479 3710 sunt
1515 3637 1604 3708 ab
1655 3637 2197 3718 omnixexterno

231 3731 453 3805 milite
496 3733 569 3808 in
612 3733 966 3834 posterum
1006 3735 1261 3809 liberas
1296 3759 1319 3824 3
1369 3757 1453 3808 ac
1486 3735 1845 3810 veteribus
1876 3733 2014 3808 suis
2055 3733 2202 3832 pri-

232 3827 510 3926 vilegiis
558 3833 886 3908 omnibus
932 3857 1059 3930 per
1097 3831 1437 3906 summam
1484 3831 1930 3908 securitatem
1961 3833 2198 3908 fruene

118 3978 126 3988 ,
231 3947 369 4002 tur.
440 3929 647 4036 Quod
673 3931 723 4003 fi
767 3931 1023 4030 igitur,
1058 3931 1170 4006 his
1214 3931 1295 4006 ἃ
1341 3929 1488 4006 aliis
1536 3931 1847 4030 plurimis
1890 3955 2206 4007 commo·-

234 4025 574 4102 ditatibus
604 4030 1023 4129 contemptis
1045 4089 1068 4123 ‚
1118 4053 1205 4106 ea
1224 4051 1516 4105 ‘tantum
1555 4031 1670 4106 vel
1706 4030 2081 4130 praecipua
2113 4027 2206 4100 de

1231 4131 1266 4201 I
1310 4153 1359 4221 4
2050 4148 2215 4199 cau·
2295 4178 2304 4185 -
