3017 5200
1634 486 2045 591 (2⁶4)

853 688 1152 783 smyrna,
1203 682 1503 765 Rhodos,
1548 681 1932 766 Colophon,
1974 679 2082 749 uni
2105 679 2229 762 iam
2250 679 2459 749 cedite
2486 680 2771 753 Romaet

933 794 1223 870 Sufficit,
1263 782 1328 859 ἃ
1373 778 1520 858 fatis
1566 782 1660 853 est
1706 788 1976 855 Romula
2024 786 2235 871 lingua
2278 778 2415 856 fibi.

849 894 1148 970 Moeonii
1195 894 1525 983 postquam
1566 892 1784 963 fontes
1836 894 1897 961 Gt
1950 888 2210 961 flumina
2252 894 2417 963 vatis

947 1000 1018 1067 ln
1069 999 1325 1065 Latium
1373 998 1541 1083 larga
1588 996 1897 1064 transtulit
1940 992 2173 1065 Hess'us
2219 1014 2402 1083 aqua.

857 1096 1029 1173 Nam
1067 1105 1225 1187 (me
1261 1108 1326 1173 ni
1367 1106 1637 1193 cupidae
1676 1104 1901 1175 fallant
1940 1099 2253 1194 praesagia
2297 1108 2572 1191 mentis)

945 1218 1155 1287 Fonte
1197 1218 1324 1303 suo·
1349 1221 1522 1291 rivus
1566 1220 1766 1287 ditior
1806 1218 1925 1287 iste
1970 1221 2167 1302 fluet,

859 1328 1068 1417 Atque
1111 1334 1303 1399 vehet
1349 1334 1563 1403 meriti
1607 1332 1723 1402 tibi
1772 1334 2017 1401 carbasa
2066 1334 2249 1419 piena
2286 1329 2631 1420 triumphi,

950 1439 1041 1505 Et
1083 1454 1237 1527 vaga
1278 1440 1638 1509 nominibus
1680 1438 1877 1510 lintea
1920 1436 2084 1524 picta
2126 1438 2276 1505 tuis.

864 1538 1097 1611 Cetera
1131 1544 1559 1629 magnanimos
1592 1544 1652 1613 Gt
1680 1564 1839 1631 quae
1870 1543 2141 1610 decuere
2164 1542 2552 1627 triumphos,

943 1654 1213 1721 Stabunt
1253 1653 1419 1739 figna
1463 1654 1613 1725 altis
1659 1654 2106 1741 conspicienda
2151 1650 2328 1719 foris.

858 1753 1229 1852 Pallorque,
1271 1783 1382 1833 aut
1415 1760 1641 1833 Musae
1670 1767 1732 1833 61
1763 1768 1969 1833 clarae
2004 1760 2370 1833 circumflua
2396 1755 2569 1827 claffi

939 1871 1162 1941 Turba
1208 1876 1591 1943 natatrieum
1639 1875 1841 1941 vitrea
1880 1868 2236 1953 Naiadum,

861 1967 949 2041 Et
975 1980 1223 2067 Satyri,
1265 1980 1370 2049 vel
1399 2000 1561 2068 quos
1597 1977 1883 2049 umbrosa
1916 1978 2105 2046 habet
2136 1972 2347 2043 Hesfia
2390 1973 2695 2063 Faunos,

946 2092 1317 2179 (Sylvanos
1361 2092 1565 2177 capiat
1612 2084 1655 2157 fi
1706 2107 1911 2157 tamen
1966 2090 2131 2157 unda
2168 2090 2408 2173 Deos)

865 2198 1063 2273 flesse
1085 2252 1106 2283 ,
1139 2222 1328 2289 caput
1355 2222 1571 2271 vatum
1600 2201 1816 2284 vivas,
1860 2200 2093 2283 Heffe,
2133 2200 2366 2282 Hesse,
2408 2200 2734 2285 sonabunt,

749 2350 820 2416 Ι.
950 2307 1278 2373 Summum
1307 2301 1579 2374 Romani
1624 2310 1939 2390 nominis,
1992 2306 2221 2389 Heffe,
2262 2308 2484 2395 decus.
2609 2352 2631 2373 .

862 2405 1148 2481 Forsitan
1181 2414 1242 2479 ὁ(
1275 2407 1583 2482 moestum
1616 2414 1955 2480 demittens
1996 2411 2265 2477 Graecia
2298 2410 2597 2489 vultum,
2636 2406 2691 2475 δι

954 2518 1224 2585 Lumine
1271 2514 1651 2608 Smyrnaeus
1697 2517 2033 2587 deficiente
2086 2518 2313 2587 Senex.

785 2642 792 2658 ·
863 2611 976 2686 Tu
1005 2639 1288 2708 quoque,
1331 2623 1685 2690 Munichiis
1726 2623 2041 2712 quondam
2088 2626 2285 2690 tutela
2340 2624 2615 2709 carinis,

940 2729 1278 2814 Purpureis
1325 2731 1529 2802 Pallas
1569 2733 1693 2817 jam
1747 2734 2077 2821 pudefacta
2126 2735 2348 2820 genis,

863 2827 1038 2900 Ante
1085 2838 1496 2924 triumphales
1553 2841 1782 2926 ignom
1835 2841 1901 2908 in
1948 2835 2227 2938 flumine
2257 2860 2473 2927 proras

947 2943 1175 3026 Ibitis,
1215 2952 1438 3036 exigua
1482 2955 1739 3039 praevia
1782 2936 1958 3024 turba
2001 2953 2247 3043 scapha.

861 3048 952 3122 Et
983 3055 1176 3122 modo
1201 3075 1607 3146 contemptae
1636 3063 1865 3130 dabitis
1896 3061 2236 3149 spectacula
2269 3067 2539 3154 Romae,

835 3145 852 3172 ¹
947 3159 1114 3229 Cum
1165 3181 1288 3233 vos
1329 3169 1587 3237 attoniti
1637 3156 1946 3260 Tibridis
1995 3175 2159 3242 unda
2204 3175 2388 3248 feret.

866 3259 982 3332 Ille
1037 3265 1378 3353 Caystraeo
1423 3271 1643 3348 saliens
1696 3279 1777 3344 de
1828 3279 2077 3368 gurgite
2122 3263 2331 3368 rivus,
2392 3315 2405 3326 ·

952 3365 1591 3454 Tybride-conectas
1632 3383 2005 3452 exonerabit
2049 3405 2259 3470 aquas.

743 3548 752 3554 .
861 3471 1106 3548 Cuncta
1140 3485 1312 3554 timul
1343 3487 1518 3558 resto
1538 3493 1890 3562 devolvens
1918 3499 2169 3571 tramite
2188 3504 2265 3570 in
2297 3509 2551 3595 urbem,

944 3589 1120 3658 Olim
1167 3609 1326 3685 quae
1371 3599 1661 3686 armigeri
1706 3597 1799 3672 est
1852 3604 2082 3676 semine
2123 3630 2267 3679 nata
2316 3615 2465 3686 Dei.

861 3680 1081 3758 celsus
1125 3709 1188 3761 at
1229 3719 1376 3768 ante
1416 3718 1635 3772 omnes
1680 3725 1894 3774 aurata
1937 3713 1999 3779 in
2036 3733 2259 3801 puppe
2304 3699 2489 3805 poeta

939 3783 1074 3860 Ibit
1123 3819 1325 3876 ovant
1341 3853 1367 3890 ,
1411 3807 1609 3879 libros
1658 3812 1721 3880 ἃ
1763 3811 1926 3884 feret
1968 3819 2097 3910 ipse
2139 3842 2370 3897 novos.
