3017 5200
930 433 2419 585 ’ΒΕΒῙΟΑΤΙαχ

681 658 1012 727 tantum
1063 638 1460 755 respirare
1496 698 1525 739 ,
1598 637 1744 724 sed
1795 636 1883 724 δε
1933 670 1974 723 a
2034 646 2321 756 primis
2358 649 2645 737 turba-‘

680 782 882 842 rum·
927 754 1300 869 auspiciis
1361 754 1466 839 ad
1542 752 1916 839 nostrum
1960 781 2223 871 usque
2269 760 2642 851 seculum

675 870 1005 982 semper
1031 868 1210 954 fere
1235 865 1885 981 splendidiorem
1918 870 2383 984 resurgere:
2402 902 2649 987 prae-·
2722 960 2731 971 ,

679 988 929 1097 cipue
975 1009 1182 1069 vero
1235 1001 1428 1067 ante
1471 982 1773 1069 ¹oculos
1822 980 1963 1069 fibi
2026 1010 2504 1098 proponere
2554 990 2645 1077 δε·

677 1102 772 1185 in
813 1098 1307 1183 memoriam
1346 1120 1749 1180 revocare
1788 1095 2019 1209 posse
2057 1098 2365 1187 sortem
2420 1102 2644 1191 illam

677 1210 1142 1308 infandam,
1186 1210 1274 1294 &
1307 1208 1793 1321 pudendam
1832 1212 2363 1313 mercedem,
2386 1222 2661 1329 quam'·

679 1352 839 1439 pro
883 1322 1361 1436 ingentibus
1412 1324 1500 1403 in
1543 1321 1754 1405 hanc
1791 1322 2437 1435 Rempublicam
2470 1354 2649 1417 me·-

675 1440 860 1529 ritis
909 1438 992 1521 &
1043 1434 1495 1522 Libertatis
1550 1430 1721 1543 ejus
1772 1436 2325 1525 vindicandae
2374 1443 2645 1531 studio

737 1556 1176 1661 lerumque
1213 1546 1677 1632 retulerunt
1710 1545 2052 1635 Heroes
2092 1554 2250 1654 illi,
2310 1561 2456 1669 qui
2494 1586 2651 1669 po-

751 1668 912 1750 eris
969 1665 1230 1775 magis
1343 1686 1534 1745 uam
1586 1657 1733 1747 fibi
1766 1659 2093 1776 suisque
2127 1667 2649 1760 consulentes

677 1778 1254 1865 inviolandum
1385 1800 1488 1857 oc
1552 1773 1899 1861 Palladii
1977 1777 2269 1866 Batavi
2347 1785 2649 1895 pignus

679 1890 1075 2003 sanguine
1127 1887 1274 1973 suo
1316 1890 1594 2003 potius
1634 1888 2147 1999 adspersum,
2205 1922 2455 2008 quarn
2493 1899 2649 1983 ho-

679 2004 924 2091 stium
977 2002 1352 2087 manibus
1399 1998 1754 2086 fraaestum
1800 2024 1941 2088 aut
1985 2006 2459 2097 Diomedea
2514 2020 2663 2097 ar-'

679 2136 768 2205 te
853 2137 1240 2229 ereptum
1289 2175 1315 2214 ‚
1409 2114 1855 2225 nepotibus
1922 2116 2083 2201 suis
2172 2122 2646 2223 custodien-

622 2288 626 2293 -
688 2226 894 2318 dum
998 2230 1567 2328 conmiserunt
1610 2286 1635 2323 ‚
1747 2226 2152 2343 fimulque
2242 2236 2647 2322 inmorta-

683 2348 854 2435 lem
914 2346 1277 2452 nominis
1337 2343 1458 2444 sui
1517 2341 1867 2451 gloriam
1903 2400 1928 2439 ,
2014 2344 2245 2428 nullo
2322 2345 2644 2431 seculo-

681 2490 871 2548 rum
919 2460 1072 2545 fitu
1138 2452 1744 2540 obliterandam
1778 2513 1804 2552 ‚
1885 2456 2235 2541 nullisve
2287 2463 2651 2547 invidiae

561 2639 566 2646 .
686 2597 830 2661 aut
879 2573 1414 2684 malignitatis
1486 2567 1803 2678 injuriis
1872 2567 2456 2674 deterendam,
2512 2605 2659 2662 ve-

683 2699 796 2773 ris
854 2689 1131 2795 Belgis
1175 2689 1262 2764 in
1313 2685 1795 2789 exemplum
1848 2685 2387 2792 reliquerunt.
2508 2693 2661 2774 Ni-

686 2805 992 2886 mirum
1044 2793 1247 2880 illud
1287 2791 1647 2874 hominis
1700 2816 1898 2874 vere
1934 2799 2213 2903 magni
2249 2801 2655 2885 indicium

689 2913 852 3010 est,
907 2911 1230 2994 Patriae
1287 2901 1372 2988 &
1423 2901 1885 2998 Libertati‚
1944 2933 2195 3023 quam
2237 2913 2658 3015 neminem

683 3029 1006 3114 bonum
1049 3020 1198 3106 nisi
1247 3043 1442 3102 cum
1501 3017 1773 3097 anima
1820 3013 2055 3101 simul
2106 3023 2491 3106 amittere
2532 3023 2661 3110 di-

689 3139 993 3229 cebant
1041 3154 1371 3219 veteres
1399 3189 1451 3229 ,,
1479 3125 1884 3224 tuendae,
1940 3131 2143 3214 dum
2176 3135 2341 3218 'vita
2382 3135 2661 3248 super-

691 3246 788 3344 s1t
826 3315 854 3351 ,
919 3275 1258 3338 omnem
1319 3262 1679 3326 aetatem
1735 3241 2245 3350 inpendere,
2321 3247 2409 3333 δε
2478 3251 2665 3362 post

666 3367 858 3456 *fata
909 3371 994 3452 in
1031 3361 1276 3449 rebus
1311 3387 1355 3441 a
1403 3359 1485 3442 se
1529 3353 1786 3464 gestis·
1814 3359 2335 3464 praeclarum
2380 3363 2464 3447 δε
2506 3393 2663 3450 no-·-

633 3555 636 3561 .
690 3481 860 3569 bile
909 3477 1396 3566 imitationis
1436 3469 1860 3581 specimen
1921 3470 2379 3580 posteritati
2437 3478 2662 3565 dare.

801 3587 1048 3683 Haec
1128 3610 1404 3675 autem
1487 3583 1624 3667 vel
1695 3581 1986 3668 auditu
2062 3587 2197 3669 vel
2288 3590 2677 3701 diligenti

670 3696 1434 3800 ‘monumentorum
1459 3693 2429 3788 historicorumleffione
2458 3733 2669 3818 cog-

683 3831 861 3910 nita
937 3819 1244 3906 habere
1288 3877 1312 3914 ,
1417 3833 1510 3896 ut
1592 3811 2290 3926 ‘unumquemque
2393 3818 2672 3902 homi-

675 3947 893 4025 nem·⁴
945 3939 1402 4044 ingenuum
1448 3922 1989 4038 'rePtumque
2064 3929 2340 4013 civem
2420 3931 2675 4020 decet

675 4051 764 4144 &
843 4039 1203 4140 exornat
1249 4105 1275 4144 ‚
1369 4045 1485 4162 ita
1538 4037 1866 4162 ‚eadem
1962 4039 2331 4130 exaffius
2426 4069 2675 4134 num-'-
2742 4095 2754 4108 ·

839 4185 856 4202 ⁴
2413 4187 2666 4277 quam
