3017 5200
886 502 985 584 88
1126 494 1332 576 Cur.
1388 496 1662 575 Seurri
1714 496 1958 575 Coun.
2010 516 2110 575 nr
2157 516 2338 576 uer
2385 513 2618 605 mur.

830 689 835 693 ’
884 678 995 775 gis
1044 674 1343 749 ditiones
1391 674 1792 771 sumptuum
1822 730 1845 764 ,
1896 672 1976 748 ἃ
2010 670 2320 748 militum
2366 672 2821 771 supplemento

886 774 1339 873 quantumvis
1371 773 1713 870 jacturam
1767 770 2096 851 resarcire
2133 826 2155 860 ,
2220 772 2616 868 bellumque
2660 772 2818 844 alere
2934 792 2935 811 ³

885 872 1101 971 poss‘e.
1204 871 1525 946 Videant
1557 870 1852 967 proinde
1873 926 1896 961 ,
1946 892 2038 943 ne
2071 869 2406 945 excitatis
2435 894 2479 943 a
2507 868 2577 943 se
2605 868 2816 958 malis,

883 994 1047 1045 cum
1082 970 1327 1044 volent
1354 968 1659 1059 mederi,
1705 992 1852 1043 non
1883 970 2184 1067 poffint,
2227 964 2306 1041 δε
2345 992 2524 1065 quos
2546 988 2814 1043 attraxe-

878 1068 1026 1143 rint
1060 1066 1329 1157 hostes3
1380 1064 1502 1139 sed
1546 1090 1636 1140 ne
1676 1064 1756 1141 ὃ(
1793 1091 1956 1156 eos,
2003 1090 2180 1165 quos
2217 1064 2294 1139 in
2337 1064 2594 1141 auxilia
2627 1090 2812 1139 voca·

878 1167 1058 1241 bunt
1077 1221 1099 1256 ‚
1144 1190 1187 1238 a
1211 1164 1281 1238 se
1313 1165 1598 1239 tandem
1629 1162 1973 1263 depellere
2012 1183 2358 1262 nequeant
2376 1222 2400 1256 ,
2447 1182 2605 1239 tum
2645 1163 2816 1237 deni-

876 1286 1013 1363 que
1062 1282 1477 1337 eventurum
1508 1319 1532 1353 ,
1578 1280 1658 1336 ut
1704 1286 1928 1361 neque
1959 1262 2082 1360 ipfi
2113 1262 2436 1361 periculo
2475 1262 2550 1335 se
2579 1260 2814 1337 subtra-

881 1361 1059 1437 auri
1094 1362 1227 1437 fint
1248 1418 1270 1450 ‚
1320 1362 1549 1434 multo
1581 1358 1811 1434 minus
1857 1361 2160 1457 reliquos
2202 1359 2612 1459 protefikuri.
2701 1364 2810 1435 Ar-

880 1460 1185 1534 cendam
1231 1458 1465 1555 itaque
1522 1457 1846 1555 providis
1891 1457 2208 1532 confiliis‘
2247 1458 2434 1536 hane
2483 1460 2811 1535 exulcera-

872 1560 1145 1633 tionem
1164 1614 1187 1647 ,
1236 1555 1642 1655 priusquam
1673 1555 2204 1631 immedicabilis
2235 1558 2402 1649 fiat,
2451 1557 2584 1633 nifi
2617 1557 2812 1633 velint

792 1704 795 1713 -
875 1656 1167 1730 tandem
1260 1652 1529 1753 impete
1613 1656 2088 1729 calamitatum
2169 1651 2333 1730 cum
2417 1658 2628 1731 rebus
2700 1654 2810 1728 suis

871 1753 1079 1829 obrui
1116 1751 1470 1828 univerfis.
1571 1754 2030 1829 Confiderent
2063 1771 2335 1851 quanto
2367 1778 2537 1829 cum
2569 1752 2807 1852 pericu·

871 1856 945 1927 lo
982 1910 1002 1942 ‚
1072 1852 1349 1951 quantis
1394 1846 1916 1929 difficultatibus
1951 1856 2080 1925 res·
2104 1851 2370 1943 omnm,
2428 1850 2809 1951 praesertim

870 1951 1041 2026 belli
1084 1975 1123 2024 a
1155 1969 1347 2023 tanta
1388 1948 1834 2025 multitudine
1873 1949 1950 2025 ἃ
2001 1950 2447 2025 Generalium
2485 1950 2812 2025 Ordinum

872 2050 1085 2123 turba
1128 2047 1473 2144 gerenda,
1525 2047 2200 2145 administrandaque
2235 2048 2342 2123 fit.
2447 2051 2609 2123 Tot
2649 2046 2809 2121 enim

870 2146 1185 2239 capitum
1222 2142 1492 2235 sensus,
1543 2142 1626 2219 ἃ
1664 2144 2076 2243 opinionum
2121 2146 2211 2219 ad
2241 2168 2718 2243 quascumque
2749 2142 2810 2217 ἃ

866 2244 1264 2342 insperatas·
1284 2240 1682 2317 occafiones
1713 2242 2153 2335 muffiabi'lium
2169 2242 2653 2317 diverlitatem
2672 2266 2810 2342 pro·

870 2344 985 2417 cul
1038 2341 1251 2416 dubio
1297 2364 1534 2415 rerum
1571 2340 1909 2415 success'us
1947 2340 2086 2417 esse
2137 2343 2595 2416 turbaturam.
2711 2344 2810 2415 Et-

868 2442 1062 2514 enim
1107 2440 1228 2515 ubi
1266 2439 1385 2539 qui
1409 2438 1710 2537 'quisque
1747 2463 1876 2537 pro
1907 2436 1982 2511 se
2026 2438 2484 2513 aemulatione
2523 2437 2608 2514 δε
2652 2438 2807 2513 invi-

871 2539 990 2614 dia
1040 2541 1325 2614 demum
1382 2537 1684 2614 univer-li
1722 2537 1909 2613 inter
1939 2534 2082 2612 sese
2126 2538 2489 2635 aequalem
2526 2537 2801 2637 potesta·

868 2659 1021 2713 tem
1060 2637 1185 2710 fibi
1228 2637 1614 2712 vendicant
1648 2693 1670 2726 ‚
1735 2637 2061 2711 nationes
2107 2636 2554 2734 populosque·
2595 2636 2800 2710 multi-

862 2735 1115 2807 tudine
1146 2734 1648 2830 imperantium
1667 2788 1690 2823 ,
1735 2736 1842 2809 uti
1875 2739 2082 2807 Cares
2113 2735 2506 2832 quondam,
2535 2735 2800 2810 confun-

864 2831 943 2904 di
988 2830 1067 2904 &
1108 2831 1331 2926 perdi.
1390 2831 1839 2927 Imperatoris
1883 2833 2117 2906 Caroli
2153 2833 2378 2930 quinti
2427 2835 2798 2930 exemplum
2913 2919 2918 2930 .

866 2927 1242 3002 movendis
1283 2950 1533 3000 eorum
1555 2927 1806 3000 animis
1835 2928 2140 3018 adduxi,
2188 2930 2309 3028 qui
2352 2956 2522 3008 cum
2569 2957 2610 3006 a
2650 2934 2794 3008 Ger-

868 3025 1094 3101 manis
1125 3025 1588 3100 Smalcaldico
1631 3024 1920 3100 foedere
1971 3028 2366 3126 conjunctis
2422 3032 2794 3128 opprimen-

864 3125 997 3200 dus
1049 3123 1403 3198 videretur
1428 3179 1451 3212 ,
1531 3147 1785 3224 magna
1843 3125 2064 3199 animi
2125 3127 2565 3204 confidentia
2628 3129 2792 3204 suum

864 3222 1262 3296 exercitum
1303 3245 1345 3295 e
1380 3221 1503 3296 sua
1535 3223 1775 3312 unius,
1827 3223 2134 3307 hostium
2161 3249 2203 3297 e
2245 3228 2627 3304 multorum
2663 3228 2787 3300 sen·

864 3321 1106 3396 tentiis
1160 3321 1692 3420 gubernandum
1740 3321 2032 3397 afferens
2052 3379 2074 3414 ‚
2141 3347 2229 3397 eo
2266 3349 2352 3398 au
2447 3327 2562 3401 rio
2605 3325 2793 3402 victo-

862 3419 1040 3494 riam
1094 3419 1407 3494 hostibus
1466 3419 1605 3496 suis
1667 3420 2160 3518 deplorandam
2217 3349 2619 3500 corffcmus
2661 3421 2786 3509 est3

866 3518 1061 3616 quod
1110 3542 1201 3593 ne
1238 3519 1400 3617 ipsss
1440 3518 1760 3612 accidat,
1815 3520 2230 3616 opinionum
2266 3523 2414 3618 jam
2450 3525 2793 3608 varietate,

864 3635 1255 3692 eventuum
1312 3616 1390 3691 &
1428 3617 1756 3692 fortunae
1800 3617 2267 3694 diversitatem
2312 3622 2795 3718 pertendente,

868 3711 1236 3789 fistendam
1311 3715 1680 3789 suadebam
1751 3733 2098 3790 tantarum
2175 3721 2652 3797 confusionum
2695 3743 2792 3792 ro·

863 3829 1011 3884 tarn
1047 3809 1067 3899 ,'
1117 3835 1296 3910 quae
1324 3812 1533 3885 nimis
1564 3815 1709 3909 jam
1739 3813 1863 3886 diu
1893 3837 2018 3910 per
2053 3833 2162 3891 tot
2205 3821 2629 3897 calamitates
2657 3817 2790 3893 vol·

858 3926 1112 3997 vatur,
1170 3910 1550 3984 tolerabilis
1594 3911 1887 4007 alicujus
1929 3917 2456 4012 compolitionis
2507 3919 2584 3995 &
2644 3939 2786 3992 con-

830 4005 1135 4086 cordiae
1190 4009 1391 4087 clavo
1424 4065 1447 4104 ,
1509 4010 1912 4116 priusquam
1973 4014 2118 4088 vel·
2149 4015 2431 4118 ipfitnet
2493 4020 2678 4188 5er
2730 4011 2789 4085 se

818 4143 831 4154 ·
1639 4135 1648 4154 ’
1750 4151 1754 4159 ·
2543 4175 2558 4185 .
2629 4137 2792 4190 imu-
