3017 5200
635 2741 640 2750 .
770 2679 898 2762 seu
943 2675 1203 2782 praelii
1242 2671 1626 2755 theatrum
1682 2670 1873 2754 hosti
1933 2669 2258 2774 cedere,
2312 2673 2400 2759 δι
2436 2675 2726 2782 praeci-

621 416 627 425 ’
764 502 818 563 c
984 476 1064 562 P.
1122 466 1862 589 BVRMANNJ
1917 468 2504 557 ssschni

778 666 1041 762 enim,
1116 658 1385 751 fronte
1442 658 1856 745 castrorum
1917 654 2334 769 diligenter
2373 661 2730 764 munita,

662 860 669 870 ,
774 774 1169 890 Joannem
1190 772 1668 855 Austriacurn
1691 829 1714 867 ,
1733 774 1967 881 longe
1991 770 2491 855 numerosiori
2515 798 2728 855 exer-

664 873 671 891 '
779 889 941 971 citu
994 884 1411 977 fidentem,
1471 882 1865 995 ejusdem,
1901 908 2056 990 quo
2089 880 2189 965 ad
2217 880 2731 969 Gemblacum

772 1014 1266 1109 pugnaverat
1290 1053 1317 1095 ,
1348 992 1718 1093 successus
1753 996 2091 1077 securum
2120 1052 2149 1095 ,
2182 995 2305 1077 sed
2347 997 2586 1079 nimia
2617 1019 2734 1078 te-

770 1114 1131 1195 meritate
1150 1165 1178 1207 ,
1207 1106 1543 1213 Principi
1571 1100 1957 1189 Parmensi
1995 1104 2446 1215 inprobata,
2487 1106 2732 1191 Ordi-

760 1246 965 1307 num
989 1214 1247 1327 copiae
1280 1215 1868 1329 adgredientem
1896 1272 1924 1311 ,
1947 1215 2353 1302 fortiffime
2373 1220 2686 1321 excepit
2704 1275 2733 1318 ,

771 1354 867 1419 ut
888 1334 1038 1419 acri
1061 1334 1143 1417 δε
1165 1328 1410 1413 calido
1432 1342 1851 1437 pertotum
1878 1326 2041 1411 fere
2077 1326 2281 1412 diem
2307 1333 2678 1415 concursu
2703 1387 2732 1430 ,

774 1472 927 1554 ope
981 1444 1415 1553 praesertim
1476 1444 1896 1523 Scotorum
1935 1496 1962 1539 ,
2039 1441 2175 1525 sub
2214 1442 2599 1527 Norr'itfio
2637 1470 2730 1526 ac

771 1559 1100 1643 Stuarto
1161 1549 1544 1661 intrepide
1599 1552 2125 1660 pugnantium
2165 1612 2194 1655 ,
2277 1552 2364 1638 &
2411 1574 2730 1664 propter

766 1664 1362 1753 intenfiffimum
1400 1664 1605 1746 Solis
1653 1663 1940 1747 aestum
1996 1662 2286 1749 nudata
2347 1662 2508 1753 fere
2562 1693 2727 1750 cor-

826 1808 959 1866 ora
982 1778 1317 1863 hostibus
1350 1774 1908 1877 obiectantiuin
1931 1834 1957 1873 ,
1983 1774 2466 1863 Austriacum
2493 1778 2726 1865 castra

842 1896 1185 2002 elgarum
1241 1908 1741 1999 perrumpere
1776 1886 2303 1997 prohibuerit,
2357 1893 2725 2002 suosque,

672 2012 679 2015 ’
766 2030 940 2093 non
978 2004 1264 2114 exigua
1303 2002 1553 2110 strage
1588 2002 1927 2103 saucios,
1961 2000 2215 2085 versus
2241 2003 2726 2090 Namurcum

714 2212 717 2217 ¹
766 2112 1132 2199 reducere
1169 2116 1534 2223 coegerit.
1595 2112 1696 2221 Et
1740 2130 2002 2201 tamen
2028 2112 2430 2197 victoriam
2469 2117 2724 2201 vanis-

662 2288 669 2308 .
764 2224 957 2313 fima
982 2226 1357 2340 jactantia
1400 2222 1533 2311 fibi
1569 2219 1987 2316 adscribere
2020 2248 2186 2309 non
2226 2225 2533 2333 erubuit
2553 2227 2722 2311 Au-

765 2337 1123 2438 striacuS,
1209 2362 1403 2447 quae
1428 2332 1689 2445 'gloria
1721 2330 1852 2447 ipsi
1879 2332 2058 2419 fnon
2107 2333 2533 2421 invidenda
2575 2338 2724 2441 est„

768 2448 829 2537 fi
872 2453 1209 2559 palmam
1270 2448 1608 2531 tribuere
1639 2446 1908 2530 deceat
1963 2447 2118 2547 ini,
2170 2450 2385 2561 cujus
2415 2450 2725 2559 exerci-

770 2568 951 2664 tus',
988 2559 1251 2647 amisso
1291 2561 1564 2666 majori
1604 2557 1934 2644 militum
1977 2584 2724 2670 numero,campum

768 2786 919 2902 piti
957 2781 1194 2894 fuga,
1218 2804 1307 2866 ut
1342 2781 1683 2892 graviori
1727 2781 2064 2888 periculo
2104 2787 2172 2866 se
2208 2785 2534 2892 eripiat,
2573 2787 2726 2870 alio

768 2891 1053 3006 pedem
1137 2893 1417 2977 referre
1486 2890 1849 3002 adigitur.
1985 2891 2432 2978 Ridiculum
2507 2897 2724 2980 enirn

768 3011 845 3096 se
892 3004 1254 3116 praebuit
1310 2999 1506 3088 Adr.
1563 3003 2142 3088 Meerbeeckius
2200 3006 2284 3088 in
2316 3005 2724 3090 'Chronico

769 3125 907 3209 suo
966 3117 1161 3225 (i),
1238 3112 1674 3212 ubi‘refert
1705 3171 1733 3215 ,
1824 3115 2310 3227 Austriacum
2381 3117 2722 3204 nimium

765 3238 1073 3321 suorum
1114 3225 1472 3312 ardorem
1507 3223 1955 3328 inhibuisse,
2013 3246 2482 3313 contentum
2528 3229 2727 3315 Poe-

768 3343 1081 3430 deratos
1146 3370 1189 3423 a
1248 3341 1723 3433 Rimenanta
1789 3335 2153 3447 depuliss‘e
2194 3395 2222 3440 ,
2293 3367 2340 3425 e
2393 3369 2723 3452 quorum

766 3454 1122 3543 exercitu
1168 3479 1404 3540 2000.
1438 3453 1720 3538 Scotos
1747 3449 2185 3536 occubuiss'e
2218 3452 2512 3550 scribit,
2546 3455 2722 3536 uni·

720 3573 727 3580 ’
769 3596 863 3656 ce
898 3568 1151 3652 forsan
1178 3620 1205 3662 ,
1246 3585 1333 3648 ut
1366 3563 1915 3671 obloqueretur
1934 3561 2194 3650 Petito
2216 3623 2246 3666 ,
2304 3567 2432 3677 qui
2469 3567 2552 3648 in
2587 3565 2724 3650 suo

767 3677 1238 3768 Hollandiae
1285 3675 1373 3760 δε
1424 3670 1856 3762 Zelandiae
1909 3673 2310 3767 Chronico
2351 3677 2513 3788 (k)
2552 3703 2722 3762 rem

948 3835 953 3840 ·
1918 3859 1923 3866 .
1975 3822 1981 3834 ·
2057 3836 2063 3846 =
2619 3815 2728 3875 ex

849 3901 981 4075 ξί)
1066 3919 1161 4053 εἰ.
1200 3918 1359 3986 320,
1398 3877 1423 3892 ⁸
2469 3905 2476 3914 ’

798 3997 827 4044 t
901 3987 1019 4078 k).
1084 4004 1103 4052 1
1149 4032 1166 4053 .
1209 3983 1338 4053 XI.
1382 3999 1531 4070 pag.
1571 4000 1725 4073 35¹·
1771 3983 1835 4058 ὅ(
1886 4001 2036 4075 352.
2313 4037 2332 4056 t
2373 4051 2464 4074 ,Q
