3017 5200
766 452 1078 565 ¹³⁸4,
1194 422 1886 549 clarius
1990 469 2516 545 Senz‘rr

844 647 1261 748 profitentes
1289 703 1310 737 ,
1378 662 1453 717 te
1529 667 1804 743 quoque
1878 667 2002 739 per
2073 642 2228 717 illos
2305 664 2842 743 oppugnarunt.

848 752 1031 821 Cum
1078 768 1251 819 vero
1313 743 1456 816 hoc
1525 766 1801 841 quoque
1865 744 2116 839 bellum
2181 744 2515 840 componi
2563 746 2836 834 velles,

837 846 1033 927 ‘illam
1086 842 1374 916 tandem
1413 840 1811 939 Religionis
1857 840 2250 917 libertatem
2291 862 2514 917 ratam
2559 843 2835 917 habere

849 966 995 1024 non
1022 940 1344 1014 recusasti
1368 997 1389 1031 ,
1441 942 1638 1035 cujus
1685 939 1812 1034 ipfi
1865 939 2048 1013 inter
2085 941 2154 1013 se
2183 941 2510 1015 Gandavi
2529 940 2832 1015 fuerunt

850 1041 1213 1115 authores.
1312 1042 1556 1113 Patere
1603 1037 1860 1134 igitur,
1906 1037 2426 1115 clementiffime
2465 1040 2630 1113 Rex
2669 1096 2694 1128 ‚
2759 1060 2828 1113 te

850 1140 943 1215 ad
992 1140 1175 1212 hanc
1230 1160 1503 1237 quoque
1544 1194 1566 1226 ,
1613 1159 1824 1233 quam
1875 1135 2227 1233 postremo
2276 1137 2353 1215 hi
2391 1138 2744 1213 tumultus
2788 1163 2828 1213 a

848 1234 1230 1336 Majestate
1287 1257 1407 1313 tua
1462 1234 1764 1331 exigunt
1820 1233 2215 1309 libertatem
2253 1286 2289 1323 ,ς
2337 1235 2388 1311 fi
2425 1236 2642 1309 modo
2693 1262 2818 1326 ea,

849 1360 1032 1435 quae
1064 1335 1273 1409 debet
1314 1334 1389 1406 in
1432 1332 1550 1407 illa
1595 1332 1806 1405 certis
1847 1332 2118 1428 legibus
2164 1332 2649 1431 astringenda,
2699 1336 2819 1407 ha-

744 1478 757 1492 ae
850 1437 1096 1509 beatur
1143 1431 1548 1506 Catholicae
1607 1429 2013 1530 Religionis
2072 1428 2148 1507 ἀ
2192 1430 2590 1527 Majestatis
2653 1452 2818 1509 tuae

841 1532 1059 1617 ratio,
1111 1528 1239 1603 illis
1275 1527 1822 1620 permittendam
1861 1528 2220 1623 pertrahi3
2273 1550 2390 1618 ut,
2441 1548 2624 1628 quos
2666 1532 2812 1628 jam

844 1626 1211 1727 aliquoties
1262 1626 1551 1701 affeffiius
1591 1628 1682 1700 oh
1733 1646 2128 1723 temporum
2181 1629 2660 1709 necessitatem
2703 1630 2816 1727 pie

840 1727 924 1801 ἃ
968 1725 1313 1823 sapienter
1350 1724 1719 1821 superasti,
1771 1722 1844 1801 in
1885 1726 2022 1801 hac
2068 1750 2380 1823 quoque,
2415 1752 2564 1803 non
2595 1732 2810 1811 multo

846 1826 1157 1920 majore,
1208 1848 1293 1897 ac
1339 1823 1463 1897 vix
1494 1823 1716 1921 magis
1755 1826 2182 1914 metuenda,
2235 1844 2310 1897 ut
2346 1824 2806 1914 ostendimus,

844 1926 1170 2001 libertate
1202 1921 1914 2019 toleranda,propter
1947 1922 2182 1997 causas
2223 1945 2264 1995 a
2312 1924 2526 2005 nobis
2555 1926 2801 2017 allatas,

844 2022 1175 2123 publicae
1218 2020 1502 2095 utilitati
1523 2020 1798 2093 ‘cedere
1833 2021 2138 2119 patiaris

945 2121 1200 2193 REX.
1252 2118 1714 2217 Audivi,qua
1746 2119 1948 2215 potui
1983 2119 2382 2217 diligentia,
2428 2122 2804 2197 char-issime

850 2220 1025 2293 Dux
1051 2274 1070 2307 ,
1121 2237 1273 2297 tuas
1306 2217 1649 2304 rationes,
1677 2241 1760 2293 ac
1789 2241 1917 2313 per
1945 2238 2060 2292 eas
2090 2219 2512 2299 sententiam
2539 2246 2761 2295 meam
2782 2277 2803 2311 ,

848 2315 1038 2414 quod
1071 2315 1223 2389 fieri
1260 2315 1451 2412 pnffe
1503 2340 1650 2389 non
1702 2315 2122 2403 credebam,
2171 2340 2654 2417 expugnatam
2687 2320 2808 2397 effe

853 2416 1206 2491 confiteor
1228 2471 1245 2501 ,
1266 2440 1349 2487 ac
1376 2414 1704 2510 proinde,
1734 2437 1847 2485 me
1881 2438 2154 2513 quoque
2203 2417 2274 2493 in
2305 2419 2635 2496 eamdem
2670 2420 2797 2493 sen*

850 2512 1149 2589 tentiam
1186 2510 1593 2602 discedere,
1630 2512 1951 2585 confiteri
1985 2538 2240 2613 cogor,
2293 2516 2344 2591 fi
2401 2520 2624 2591 modo
2675 2516 2801 2591 istis

852 2612 1071 2686 etiam
1121 2609 1600 2705 PrincipibuS,
1651 2612 1896 2684 eadem
1927 2613 2076 2704 illa,
2129 2637 2356 2712 neque
2412 2617 2807 2696 Catholicae

842 2707 1253 2805 Religioni,
1308 2731 1538 2804 neque
1563 2707 1925 2804 Dignitati
1967 2736 2166 2785 meae
2200 2713 2595 2805 adversari,
2617 2716 2802 2789 vide-

845 2807 1065 2886 bitur.
1168 2805 1409 2882 Video
1452 2831 1749 2918 namque
1787 2809 1876 2894 de
1917 2811 2266 2884 Gaudenfi
2299 2816 2479 2894 Pace
2525 2814 2810 2892 subditis

852 2903 1351 2991 concedenda,
1398 2907 1606 2984 rebus
1651 2931 1723 2980 in
1765 2905 1952 2988 hunc
2003 2911 2236 2983 locum
2272 2911 2615 3002 adduffis,
2669 2937 2811 2986 non

842 3001 991 3084 ,ess'e
1021 3000 1225 3078 nobis
1260 3003 1554 3098 amplius
1583 3004 1948 3078 dubitandi
1981 3008 2239 3084 locum.
2343 3011 2616 3098 Video,
2677 3015 2808 3093 Ca·-

844 3101 1194 3179 tholicum
1242 3099 1318 3186 &
1362 3101 1557 3197 pium
1601 3102 1998 3200 Principem
2029 3109 2285 3204 absque
2330 3109 2616 3190 divinae
2649 3113 2808 3184 Ma-

843 3199 1110 3298 jestatis
1130 3200 1419 3290 offensa,
1437 3203 1794 3298 publicum
1811 3203 2110 3298 alterum,
2135 3231 2344 3303 quarn
2377 3208 2796 3296 Catholicae,

842 3298 1240 3397 Religionis,
1281 3301 1700 3384 exercitium
1735 3301 1806 3374 in
1842 3301 1977 3384 suis
2012 3305 2429 3386 Ditionibus
2457 3306 2811 3403 aliquando

848 3397 1043 3494 poss'e
1078 3397 1505 3495 permittere,
1575 3398 1811 3477 Video
1849 3402 2086 3476 causas
2117 3402 2297 3493 illas,
2331 3429 2502 3501 quas
2536 3409 2798 3493 Frater,

848 3493 1079 3570 felicis
1100 3519 1285 3572 mem
1296 3496 1585 3586 oriae,in
1608 3499 1650 3573 s
1641 3523 1725 3574 ua
1741 3498 2238 3576 Pacifieatione
2253 3503 2527 3586 secutus
2546 3504 2663 3594 est,
2680 3526 2804 3599 pro

846 3592 1047 3690 justis
1068 3650 1087 3679 ‚
1124 3597 1215 3668 ob
1234 3613 1630 3692 temporum
1643 3599 1884 3674 saltem
1901 3601 2371 3676 necessitatem
2397 3658 2418 3689 ,
2438 3627 2480 3680 a
2511 3605 2806 3678 Theolo-

854 3688 965 3785 'gis
1007 3689 1083 3764 ἃ
1120 3691 1544 3790 Jurisperitis
1590 3694 1860 3774 habitas
1901 3749 1921 3780 ‚
1971 3715 2178 3795 atque
2227 3723 2268 3773 a
2301 3703 2509 3775 nobis
2545 3723 2802 3798 quoque

852 3788 1317 3868 confirmata&
1419 3791 1662 3886 Video
1695 3792 1895 3864 valde
1919 3797 2306 3894 ancipitem
2349 3818 2557 3897 atque
2597 3801 2802 3880 incer-

846 3903 1003 3969 tum
1042 3883 1281 3968 haberi
1321 3887 1576 3962 debere
1605 3890 1812 3985 hujus
1846 3892 2050 3985 belli,
2103 3895 2150 3968 fi
2181 3895 2254 3968 in
2291 3921 2382 3972 eo
2420 3898 2807 3996 progredia-

845 4006 1047 4088 mur,
1098 4004 1459 4075 ereatura.2
1558 3988 1800 4079 Video.
1849 3993 2302 4083 certiffimum.
2340 4021 2566 4098 prope.
2605 3995 2811 4170 mlius

1730 4145 1742 4155 -
2572 4098 2700 4187 cat
2736 4119 2808 4200 9·-
