3017 5200
804 508 963 597 uo·
1002 558 1013 572 .
1109 492 1312 591 (2459.
1366 494 1644 575 Senam
1695 490 1940 573 Come.
1995 514 2094 573 m!
2145 514 2328 577 nez
2379 509 2612 579 nm!

816 674 989 753 culfi
1007 668 1536 774 perturbatique
1569 670 2114 765 confiderarent,
2135 672 2416 749 irritato
2438 674 2574 749 hac
2597 669 2792 749 ratius

818 800 913 854 ne
955 774 1117 848 suae
1168 769 1583 851 Serenitatis
1637 770 1917 862 anime,
1969 798 2107 870 quo
2145 774 2434 847 tandem
2486 796 2597 847 res
2645 784 2786 847 eva⁴
2963 822 2965 863 ;

777 904 783 911 ·
814 876 972 953 sura
1004 871 1214 962 effet,
1252 892 1465 969 quare
1498 870 1898 945 remedium
1962 870 2336 959 adhibere,
2371 870 2451 947 ἃ
2489 870 2679 947 fasta
2695 894 2788 945 re·
2961 878 2965 999 ⁴

820 971 1194 1072 sponfione
1229 970 1304 1043 su
1358 965 1605 1069 erioris
1648 967 1894 1065 scripti
1941 969 2280 1046 offensam
2311 970 2668 1067 corrigere
2698 969 2787 1043 sa·

828 1072 1175 1173 tagebant
1198 1092 1222 1159 3
1242 994 1632 1143 affleverare
1667 1086 1904 1141 autem
1947 1066 2216 1167 scripto
2251 1068 2375 1142 suo
2413 1071 2794 1156 tentabant,

818 1168 1025 1249 Pacis
1056 1166 1128 1243 se
1158 1166 1443 1267 quidem
1478 1164 1756 1263 legibus
1791 1189 1957 1239 cum
1999 1166 2119 1242 sua
2149 1166 2544 1241 Serenitate
2589 1166 2790 1263 pactis

825 1270 1010 1345 stare
1052 1268 1271 1357 velle,
1322 1266 1654 1364 quamvis
1692 1264 1977 1339 ulterius
2014 1264 2276 1363 aliquid
2317 1264 2691 1363 cupiiss‘ent
2733 1264 2795 1339 in

820 1370 954 1461 iis3
999 1364 1051 1441 fi
1088 1365 1261 1462 quid
1286 1388 1515 1461 ¹porro
1547 1363 1994 1439 immutatum
2032 1362 2242 1456 effet,
2278 1388 2422 1439 non
2451 1363 2794 1460 accipien-

818 1470 1023 1557 dum,
1044 1450 1377 1561 tanquam
1394 1461 1880 1535 conditionem
1917 1462 2214 1559 aliquam
2255 1485 2522 1539 novam
2555 1461 2794 1543 statue-

814 1588 898 1651 re
926 1562 1054 1664 ipfi
1092 1559 1486 1650 voluerint,
1540 1579 1818 1637 tantum
1841 1560 2050 1635 fuiffe
2089 1560 2352 1638 fastam
2384 1560 2794 1641 demonstra·

819 1666 1097 1740 tionem
1128 1715 1150 1751 ,
1217 1660 1391 1759 quid
1439 1659 1908 1759 Reipublicae
1949 1658 2108 1756 ipfis
2147 1659 2649 1761 expediturum
2703 1660 2796 1735 vi-

816 1762 1145 1851 deretur,
1198 1761 1399 1858 cujus
1432 1754 1805 1856 diligentia
1850 1758 1902 1832 fi
1945 1758 2138 1835 forte
2185 1759 2602 1858 importuna
2647 1758 2797 1833 fuis-

816 1861 924 1937 set
956 1918 979 1952 ‚
1032 1860 1151 1935 vel
1206 1882 1291 1933 ea
1346 1876 1728 1955 peccatum
1779 1856 1947 1933 effet
1977 1913 2000 1947 ,
2055 1856 2518 1936 offenfionem
2577 1860 2654 1933 se
2695 1854 2799 1931 dess

873 1958 1138 2047 recari',
1190 1956 1360 2033 illud
1405 1955 1596 2032 enim
1639 1956 1946 2054 ipsorum
1991 1954 2195 2033 fuiffe
2242 1957 2322 2033 δι
2373 1980 2666 2033 manere
2705 1956 2799 2029 in-

816 1986 1057 2135 Rituti
1090 2112 1115 2147 ,
1164 2078 1259 2131 ne
1307 2058 1454 2129 Pax
1496 2054 1886 2152 composita
1929 2074 2297 2151 rumpatur
2334 2114 2356 2148 ,
2419 2080 2614 2132 neve
2661 2054 2804 2153 ipfis

818 2157 1145 2233 turbatae
1205 2151 1682 2250 Reipublicae
1743 2150 2048 2227 studium
2118 2155 2375 2229 merito
2449 2154 2802 2253 quisquam

816 2253 1145 2331 tribuere
1170 2253 1378 2351 possit
1397 2310 1421 2343 ,
1462 2250 1536 2324 se
1567 2274 1728 2325 cum
1758 2252 1874 2328 sua
1898 2251 2288 2347 Serenitate
2327 2253 2652 2351 ejusdem
2683 2252 2804 2327 effe

820 2352 1214 2429 voluntatis
1246 2407 1268 2442 ,
1320 2370 1403 2429 ut
1444 2347 1666 2447 igitur
1697 2350 1787 2426 ad
1816 2348 1998 2448 ipsos
2051 2349 2122 2423 se
2167 2352 2504 2451 adjungat
2523 2405 2547 2441 ,
2589 2352 2798 2427 vehe-

818 2469 1109 2527 menter·
1135 2473 1357 2527 orare.

926 2550 1013 2626 Id
1042 2574 1179 2650 ego
1218 2568 1382 2626 cum
1418 2546 1992 2624 animadvertens
2012 2604 2035 2640 ,
2072 2548 2522 2650 agnitumque
2559 2574 2606 2628 a
2633 2550 2796 2626 mul·

826 2651 921 2728 tis
984 2673 1295 2725 errorem
1357 2647 1796 2726 commistum
1860 2671 2196 2738 cernens,
2259 2649 2638 2742 sollicitos,
2681 2673 2796 2748 qua

824 2745 1103 2828 ratione
1156 2745 1618 2825 offensionem
1665 2746 1960 2823 delinire
2022 2747 2298 2846 poss'ent
2329 2807 2352 2842 ‚
2421 2749 2804 2848 diligentius

824 2845 1247 2936 sollicitavi,
1299 2845 1379 2922 ὅτ.
1408 2873 1622 2945 quum
1666 2847 2002 2922 haetenus
2033 2847 2174 2922 toti
2215 2849 2627 2925 tractationi
2659 2871 2802 2947 pars

826 2969 977 3024 non
1019 2943 1341 3020 minima‘
1370 2945 1845 3022 interfuissem
1877 3003 1902 3038 ,
1953 2947 2171 3020 fidem
2223 2949 2408 3045 apud
2449 2950 2804 3046 plerosque

700 3097 711 3114 .
831 3043 1079 3120 maus
1113 3043 1526 3141 persuadere
1575 3046 1782 3146 coepi
1817 3103 1841 3136 ‚
1890 3043 1972 3120 δι
2017 3045 2311 3144 epistola
2359 3047 2436 3122 in
2463 3071 2635 3122 eam
2665 3048 2806 3120 sen·

828 3143 1131 3219 tentiam
1174 3143 1563 3242 composita
1609 3146 1698 3220 ad
1738 3146 1930 3219 suam
1979 3147 2444 3222 Serenitatem
2487 3148 2801 3222 mittere·
2959 3151 2961 3218 l

832 3263 993 3335 tur,
1040 3243 1165 3318 cui
1196 3243 1663 3338 deferendae,
1711 3265 2128 3344 quamquam
2162 3247 2364 3320 rebus
2401 3270 2644 3344 paene
2673 3247 2801 3343 jam
2960 3219 2961 3303 l

836 3341 1279 3441 desperatis,
1336 3365 1626 3440 operam
1671 3367 1906 3418 meam
1943 3368 2089 3421 non
2135 3347 2490 3443 gravatim
2561 3345 2799 3419 offere·

833 3445 999 3516 bam
1024 3498 1047 3534 ,
1112 3442 1279 3541 quin
1344 3442 1494 3517 imo
1573 3443 1652 3519 δε
1705 3447 2245 3542 componendae
2301 3444 2647 3542 epistolae
2709 3437 2800 3516 uti

742 3595 747 3606 ·
828 3540 1221 3632 suasorem,
1266 3539 1364 3615 fic
1402 3537 1906 3642 &adjutorem
1940 3567 2056 3616 me
2087 3543 2398 3620 exhibui.

695 3649 701 3656 ’
934 3639 1427 3715 Interea'dum
1468 3641 1649 3717 haec
1690 3642 1871 3716 fiunt
1905 3699 1926 3734 ,
1969 3641 2091 3715 sua
2143 3643 2493 3718 Serenitas
2547 3643 2640 3716 ad
2679 3643 2798 3714 Or·
2955 3719 2957 3728 ἒ

832 3737 1040 3813 dines
1102 3737 1382 3813 decima
1449 3761 1698 3837 quarta
1751 3740 2086 3815 Octobris
2147 3743 2414 3816 rursum
2473 3741 2572 3834 in'
2630 3742 2800 3817 hunc
2955 3739 2957 3798 ἰ

738 3885 745 3903 .
824 3835 1100 3912 sensum
1137 3840 1563 3937 Luceburgo
1596 3837 1837 3914 scribit
1888 3866 1906 3914 ε
1957 3839 2243 3914 Etiamfi
2291 3841 2380 3914 ad
2423 3839 2616 3938 ipsos
2645 3835 2799 3912 atti·

835 3937 1055 4010 nebat
1083 3934 1173 4008 de
1197 3938 1561 4012 communi
1589 3937 1804 4010 salute
1838 3937 2208 4031 sollicitos,
2231 3963 2516 4014 omnem
2555 3957 2796 4012 move-

830 4057 913 4108 re
964 4033 1269 4134 lapidem
1300 4091 1321 4126 ,
1385 4061 1532 4135 quo
1585 4035 1936 4110 diffidium
1995 4035 2138 4111 hoc
2209 4037 2289 4112 ἃ
2351 4032 2807 4114 controversa

827 4137 979 4215 ‚Pax
1011 4146 1553 4236 componeretur
1577 4189 1608 4233 ,
1655 4159 1872 4236 quum
1901 4135 2276 4222 clariffime
2328 4135 2604 4218 constet
2642 4155 2804 4304 cau-2
2833 4131 2853 4153 ⁸

2771 4249 2810 4308 ὅ
