3017 5200
795 488 950 577 '¹9⁸
1158 466 1849 551 Oxsrnxrs
1951 413 2469 546 Seu-21⁸1

807 668 887 731 ut
925 652 1064 727 hoc
1100 648 1328 724 etiam
1381 646 1539 720 casu
1592 642 2048 719 metuendum
2104 642 2311 720 nobis
2364 642 2535 717 esset
2590 629 2807 717 aliud

802 752 1036 829 facere
1057 772 1304 846 ,quam
1337 742 1529 841 quod
1566 744 1802 841 lingua
1826 800 1846 830 ‚
1866 740 2089 819 veluti
2132 743 2491 838 praesente
2524 742 2805 817 Donni-¹

803 868 946 938 no,
988 845 1649 944 quomodocumque
1708 840 2232 937 pronunciavit.
2330 845 2504 915 Sunt
2556 841 2805 914 etiam

701 1030 709 1040 ,
805 947 971 1036 alii,
989 945 1098 1019 his
1125 943 1346 1018 etiarn
1377 941 1446 1015 in
1465 940 1775 1037 speciem
1808 937 2279 1029 honestiores,
2309 940 2473 1014 fidei
2506 941 2809 1014 violam

809 1048 946 1121 dae
977 1060 1414 1139 praetextus,
1461 1038 1553 1111 ad
1586 1062 1759 1136 quos
1788 1036 2249 1113 inveniendos
2278 1036 2349 1111 δι
2380 1041 2807 1135 approbans

813 1145 946 1219 dos
980 1196 1001 1229 ‚
1073 1138 1460 1216 vehemens
1518 1136 1631 1209 illa
1678 1136 2000 1232 propriae
2061 1133 2381 1209 utilitatis
2422 1137 2813 1232 cupiditas

815 1262 1194 1337 numquam
1245 1261 1376 1315 nos
1430 1235 1787 1331 impellere
1832 1234 2117 1307 desinet.
2230 1234 2533 1336 Quidam
2580 1236 2807 1307 enim

781 1361 1110 1421 oomnem
1164 1332 1656 1433 praecedentis
1732 1332 2189 1429 jurisjurandi
2274 1332 2806 1429 obligationem

817 1436 1154 1517 sublatam
1208 1432 1344 1507 esse
1381 1432 1709 1529 judicant
1744 1487 1765 1519 ‚
1816 1432 1977 1527 quia
2026 1432 2263 1504 datam
2313 1431 2515 1507 nobis
2562 1430 2802 1505 fidem

817 1536 1090 1639 priores
1117 1530 1496 1607 adversarii
1541 1529 1869 1603 violarint
1905 1554 1927 1618 ς
1974 1532 2093 1603 vel
2142 1530 2335 1627 quod
2364 1528 2625 1628 aliquid
2656 1530 2799 1603 sal-

817 1654 970 1713 tem
1013 1630 1256 1729 postea
1300 1628 1641 1703 acciderit
1678 1683 1699 1716 ,
1749 1628 1939 1724 quod
1974 1648 2215 1703 natam
2255 1652 2347 1703 ex
2384 1629 2800 1725 juramento

814 1730 1326 1829 obligationem
1383 1727 1504 1803 suo
1549 1727 1711 1801 loco
1758 1749 2039 1799 manere
2092 1726 2475 1824 prohibeat
2516 1744 2535 1801 t
2606 1726 2797 1801 fate-

691 1857 704 1868 ·
817 1856 981 1907 mur
1031 1828 1314 1927 quidem
1341 1884 1361 1916 ‚
1397 1826 1523 1899 has
1560 1824 1793 1899 causas
1819 1823 1979 1897 satis
2011 1822 2147 1898 effe
2183 1824 2433 1921 justas,
2478 1820 2531 1899 fi
2566 1827 2793 1900 modo

813 1949 1031 2005 verae
1075 1926 1258 2001 finti
1305 1924 1627 2022 quisquis·
1676 1942 1910 1997 tamen
1974 1945 2127 1999 eam
2168 1968 2191 2012 ‚
2254 1948 2461 2020 quam
2532 1924 2790 2015 debet,

820 2026 1009 2125 gerit
1054 2022 1531 2098 conscientiae
1585 2022 1743 2094 suae
1787 2045 2087 2112 curam3
2148 2022 2453 2121 quisquis
2498 2024 2795 2122 perjurii

821 2126 1041 2201 scelus
1073 2146 1164 2195 eo
1193 2178 1215 2212 ,
1261 2142 1408 2217 quo
1453 2142 1582 2215 par
1630 2118 1769 2208 est,
1819 2118 2034 2193 modo
2077 2119 2497 2213 detestatur,
2549 2121 2647 2197 δι’
2674 2147 2791 2195 ex-

819 2221 1163 2299 horrescit
1193 2276 1215 2309 ,
1265 2242 1410 2293 non
1452 2218 1669 2291 modo
1706 2216 1937 2291 causas
1974 2218 2157 2309 illas,
2196 2243 2426 2294 *verae
2469 2242 2564 2294 ne
2618 2221 2746 2295 sint
2770 2277 2792 2311 ,

822 2342 1052 2397 necne
1075 2374 1096 2409 ,
1119 2317 1422 2415 sepositis
1447 2315 1815 2392 affectibus
1837 2372 1858 2406 ,
1880 2316 2138 2415 diligen
2147 2317 2396 2394 tiffime
2438 2320 2793 2395 examina»

823 2445 908 2496 re
929 2476 950 2508 ‚
1000 2441 1246 2491 verum
1275 2415 1486 2491 etiam
1533 2414 1689 2489 suos
1724 2438 1807 2488 ea
1851 2415 1921 2487 in
1954 2439 2030 2489 re
2056 2416 2349 2491 affeekus
2385 2437 2533 2493 tam
2568 2418 2785 2515 suspe-

833 2516 981 2592 Etos
1023 2518 1282 2592 habere
1331 2514 1583 2605 debet,
1637 2533 1755 2604 ut,
1802 2512 1931 2587 nifi
1964 2514 2294 2591 consultis
2334 2518 2792 2615 prudentibus

824 2615 905 2692 &
947 2615 1151 2690 bonis
1197 2613 1400 2704 viris,
1467 2635 1596 2703 ac,
1646 2612 1768 2686 suo
1812 2637 2087 2712 quoque
2122 2614 2434 2712 judicio,
2472 2619 2559 2691 ab
2598 2618 2784 2692 omni

817 2713 1224 2788 adulatione
1263 2710 1687 2786 alieniffimis
1721 2767 1743 2802 ‚
1794 2709 1927 2785 illis
1958 2712 2175 2786 caulis
2222 2738 2601 2814 numquam
2646 2743 2789 2790 mo·-

825 2810 983 2888 veri
1026 2809 1168 2885 sese
1223 2809 1607 2908 permittat.
1735 2809 1930 2883 Nam
1974 2807 2076 2886 ita
2122 2813 2406 2888 demum
2450 2814 2573 2888 fibi
2621 2840 2793 2890 vere

826 2909 904 2988 δι
951 2907 1181 2982 sancite
1222 2905 1633 3006 persuadere
1679 2909 1945 3006 poterit
1978 2966 2001 2999 ‚
2050 2933 2201 3002 non
2243 2912 2610 3010 quaesitam
2656 2913 2793 2989 fibi

825 3035 869 3084 a
907 3006 1198 3088 foedere
1229 3027 1435 3104 atque
1456 3005 1856 3102 juramento
1888 3007 2293 3088 discedendi
2322 3011 2785 3102 occasionem,

827 3108 952 3184 sed
992 3104 1117 3202 ipsi
1144 3127 1390 3180 revera
1443 3107 1533 3178 ab
1584 3104 1980 3180 adversario
2028 3108 2318 3204 damin,
2366 3112 2476 3186 vel
2504 3112 2595 3184 ab
2626 3111 2791 3208 ipsis

825 3207 1036 3282 rebus
1088 3203 1671 3278 subministratam
1705 3259 1728 3294 ‚
1788 3229 1967 3301 quae
2018 3229 2182 3282 eum
2224 3209 2298 3284 in
2342 3211 2577 3285 locum
2642 3235 2789 3284 rem

825 3327 1116 3402 omnem
1147 3323 1346 3378 certo
1396 3302 1841 3378 revocaverit
1870 3360 1894 3394 ‚
1944 3304 2017 3380 in
2062 3330 2201 3404 quo
2240 3328 2403 3386 ante
2431 3306 2677 3384 foedus
2708 3307 2787 3383 dc

825 3401 1302 3502 jusjurandum
1337 3401 1586 3496 fuerat.
1690 3403 2012 3500 Sequitur
2040 3425 2233 3481 nunc
2270 3407 2651 3506 postremus
2678 3401 2781 3482 at·

827 3525 962 3600 que
1021 3500 1338 3575 omnium
1399 3499 1912 3597 speciofiffimus
1988 3505 2275 3600 perjurii
2354 3525 2793 3602 praetextus,

833 3623 995 3674 cum
1031 3594 1432 3696 promissum
1457 3597 1697 3695 -ipsum
1742 3603 2002 3698 absque
2039 3624 2335 3698 peccato
2367 3604 2623 3680 servari
2650 3627 2792 3678 non

831 3696 1026 3796 poss'e
1072 3717 1400 3794 negatur,
1439 3717 1687 3794 atque,
1726 3723 1814 3772 ne
1846 3698 1921 3772 in
1966 3699 2294 3780 violanda
2336 3702 2480 3776 fide
2520 3705 2791 3798 crimen

713 3853 718 3858 -
830 3797 1048 3872 ullum
1091 3795 1507 3891 agnoscatur
1547 3852 1568 3884 ‚
1621 3795 1785 3870 illud
1828 3797 2067 3892 potius
2096 3799 2171 3872 in
2214 3800 2398 3897 turpi
2430 3799 2508 3874 <Sc
2540 3801 2794 3899 injusto

751 3889 758 3900 ’
835 3891 1168 4007 promiss‘o
1215 3891 1659 3968 intervenisse
1712 3895 2054 3972 censetur.
2154 3901 2350 3972 Inter
2402 3899 2534 3972 hos
2583 3923 2785 3999 porro

831 3987 1382 4094 impudentiores
1434 3992 1594 4084 sunt
1626 4046 1648 4085 ,
1702 3991 1825 4094 qui
1872 3992 2088 4073 licere
2138 3995 2264 4086 fibi
2308 4019 2573 4100 negant
2620 3999 2795 4171 ejuzsi

2604 4117 2721 4176 mo
