3017 5200
41 2474 49 2606 ᾗ

574 480 689 580 Jo.
736 476 1130 557 Ansrnuc.
1182 438 1279 553 nr
1326 478 1522 555 Onu.
1567 480 1965 559 Bezereos
2152 547 2162 555 ,.
2185 500 2239 577 9

373 658 665 733 Mutato
722 655 952 751 itaque
1013 654 1153 729 hoc
1209 653 1430 731 modo
1465 654 1948 754 Reipublicae
2006 654 2232 748 statu,

272 775 540 834 mutata
576 752 673 827 est
704 752 779 827 ὅ(
814 752 1083 827 civium
1114 752 1437 826 conditio
1458 807 1481 842 ,
1509 751 1586 825 ὅτ,
1618 754 2013 831 rebellionis
2039 774 2232 830 metu

274 855 535 930 sublato
569 908 589 941 ,
655 850 967 925 militaris
1010 850 1379 925 insolentia
1418 850 1735 946 quotidie
1785 852 1898 929 seu
1950 855 2023 928 in
2084 854 2234 927 dies

273 948 771 1028 intolerabilior
830 950 1017 1023 fasta
1052 1006 1073 1039 ‚
1141 948 1375 1023 valida
1428 948 1862 1025 incrementa
1923 952 2228 1050 sumpfit.

274 1053 467 1125 -Tum
502 1072 777 1145 quoque
806 1049 897 1123 ad
933 1046 1413 1121 inufitatorum
1446 1046 1898 1145 veetigalium
1924 1052 2232 1127 exafi’cio-

270 1172 426 1221 nem
441 1146 839 1232 ‘conversus
864 1203 885 1237 ,
903 1164 1179 1243 praeter
1214 1145 1497 1219 censum
1539 1146 1895 1221 centesimi
1925 1149 2234 1239 denarii,

266 1239 342 1319 ἀ
370 1246 578 1319 solita
610 1244 745 1318 alia
784 1244 1087 1332 tributa,
1138 1242 1489 1318 venalium
1537 1266 1748 1317 omne
1794 1270 2014 1342 genus
2055 1273 2234 1323 mer·

265 1343 467 1419 cium
501 1400 523 1435 ,
592 1364 721 1443 per
766 1344 1177 1439 emptiones
1212 1340 1802 1440 venditionesque
1854 1343 2238 1419 distrahen-

256 1442 521 1519 darum
563 1441 789 1539 pretia
836 1438 1177 1518 decimari
1232 1438 1373 1513 fibi*
1406 1442 1573 1516 Dux
1637 1442 1948 1517 Albanus
1993 1443 2238 1539 posce-

260 1542 401 1619 bat.
544 1540 752 1641 Quod
808 1562 969 1614 cum
1028 1536 1333 1615 Ordines
1384 1538 1842 1635 Reipublicae
1884 1541 2238 1637 pernicio-

258 1640 401 1715 sum
446 1639 811 1729 futurum3
860 1636 938 1713 δε
982 1636 1189 1733 paulo
1230 1636 1389 1733 post
1440 1635 1736 1713 concifis
1786 1639 1924 1715 hac
1965 1640 2242 1715 ratione

255 1736 754 1813 mercimoniis
803 1737 1149 1835 populum
1202 1734 1588 1813 necessario
1641 1754 2026 1813 extremam
2087 1738 2242 1815 ino·

253 1836 465 1935 piam
517 1858 799 1911 manere
836 1832 1441 1924 demonstrarent3
1496 1834 1840 1909 obstinate
1889 1856 2124 1913 tamen
2159 1838 2240 1913 in

256 1935 615 2009 sententia
644 1932 949 2031 perstitit
981 1989 1003 2023 ‚
1070 1930 1247 2007 nihil
1297 1934 1385 2007 de
1427 1933 1918 2032 suppliciorum
1973 1936 2234 2012 severi-

267 2052 427 2107 tate
466 2030 547 2107 &
588 2031 944 2107 continuis
974 2030 1491 2121 exactionibus,
1548 2031 1799 2130 quibus
1834 2034 2255 2131 expilaban··

266 2150 382 2207 tur
424 2130 883 2228 provinciae,
935 2129 1334 2222 remittenS,
1388 2131 1574 2205 unde
1627 2131 1864 2229 gravis
1913 2134 2244 2210 omnibus

268 2230 349 2309 δι
384 2228 649 2305 invisus
678 2229 816 2311 effe
846 2229 1106 2329 coepit.
1204 2230 1648 2313 Inconsultus
1689 2230 1772 2305 in
1804 2232 1943 2305 hoc
1967 2289 1989 2322 ‚
2041 2232 2236 2329 quod

266 2331 711 2405 diuturniora
791 2328 1188 2424 tutioraque
1264 2328 1672 2407 inexhausta
1741 2327 1821 2405 &
1886 2330 2182 2425 spoliata
2217 2384 2242 2419 ,

264 2452 477 2527 quam
527 2428 600 2503 in
650 2428 957 2517 florente
1004 2427 1405 2519 Republica
1446 2425 1536 2499 ad
1579 2425 2062 2501 stabiliendum
2110 2426 2240 2499 do-

264 2545 623 2610 minatum
674 2522 1014 2621 praefidia
1067 2519 1195 2602 fibi
1251 2516 1645 2617 sponderet}
1749 2523 2080 2597 Secutum
2145 2523 2246 2600 est
2329 2579 2372 2630 ,-

162 2651 215 2706 .s
266 2624 507 2714 enim,
550 2643 632 2699 ut
669 2642 822 2694 non
857 2637 1127 2694 tantum
1162 2617 1305 2716 ipse
1337 2619 1423 2694 ex
1451 2618 1835 2712 sententia,
1885 2619 1963 2696 ἃ
1993 2643 2247 2720 pacate

269 2723 667 2820 gubernare
705 2741 871 2802 non,
896 2714 1245 2815 potuerit,
1297 2717 1413 2791 sed
1446 2716 1526 2792 δι
1556 2717 1898 2800 seminato
1925 2745 2051 2816 per
2082 2747 2245 2818 pro-

267 2818 553 2894 vincias
594 2819 667 2893 in
699 2815 991 2891 irritatis
1019 2815 1273 2888 animis
1323 2816 1534 2908 odio,
1591 2813 1669 2918 ἁ
1713 2819 2042 2897 excitatis
2081 2845 2246 2917 pas-.

265 2921 398 2994 fim
445 2918 751 2996 motibus
776 2971 799 3006 ,
848 2911 1337 2998 succefforibus
1370 2915 1507 2996 suis
1543 2914 2041 2998 inextricabile
2090 2919 2235 2996 bel-

260 3022 414 3114 lum
457 3014 837 3114 reliquerit.
1166 3025 1178 3061 ²·

362 3114 702 3192 Exulibus
747 3111 1033 3188 interim
1072 3168 1095 3202 ,
1158 3111 1281 3208 qui
1333 3112 1796 3225 profugerant
1829 3171 1851 3204 ,
1915 3137 2064 3193 non
2108 3139 2248 3198 una

260 3216 388 3296 via
430 3213 792 3288 fortunam
842 3210 1283 3306 reditumque
1323 3210 1399 3284 in
1448 3231 1752 3308 patnam
1789 3215 2242 3294 tentantibus.
2351 3226 2356 3234 '

260 3312 607 3408 Princeps
658 3311 853 3388 enim
897 3307 1285 3398 Auriacae‚
1338 3310 1455 3405 qui
1492 3308 1785 3384 salutem
1831 3310 2022 3385 suam
2077 3313 2252 3398 alies

260 3436 399 3489 nae
444 3407 925 3488 dominationi
960 3427 1389 3503 nequaquam
1434 3408 2014 3490 committendam
2049 3413 2240 3510 judi-

260 3529 457 3600 carat
489 3565 511 3598 ,
558 3507 897 3607 profugus
940 3502 1212 3600 &ipse
1259 3523 1428 3582 tunc
1460 3562 1481 3596 ,
1531 3507 1848 3594 adunatis
1883 3511 2240 3604 exulibus,

262 3629 415 3684 tum
460 3605 542 3682 ἃ
575 3606 871 3703 publicis
925 3603 1349 3684 Germaniae
1390 3605 1821 3706 privatisque
1867 3607 2002 3684 suis
2041 3611 2254 3688 auxi--

271 3706 383 3781 liis
422 3704 795 3790 instruetus
834 3703 1201 3780 libertatis*
1224 3704 1526 3784 obtentu
1567 3707 2089 3802 recuperandae
2113 3734 2235 3806 pa-

278 3803 455 3888 triae
483 3804 674 3900 sp'em
710 3822 1200 3900 conceperat,
1248 3800 1429 3882 nihil
1478 3802 1836 3896 dubitans,
1888 3795 2057 3904 quin
2109 3809 2240 3886 fibi

172 3939 181 3944 ·
276 3925 463 3985 cum·
476 3903 790 3979 exercitu
822 3898 1234 3978 adventanti
1262 3901 1516 3998 Belgae
1535 3901 2006 4000 Hispanorum
2041 3929 2254 3990 acer-,

272 3999 572 4084 bitatem
620 4001 921 4108 pertaesi
989 3998 1313 4089 certatim
1337 3999 1518 4182 gese
1576 4002 1973 4108 Jungerent.
2088 4003 2244 4082 Ve-.

720 4147 725 4152 ,
1457 4119 1505 4199 5
1617 4161 1623 4168 .
2084 4123 2243 4178 rum
