3017 5200
424 558 433 567 ’
538 552 651 663 Ῑσ.
699 554 1105 638 Atrsrntae.
1154 578 1249 633 ιτ
1299 542 1498 637 (in-n.
1547 522 1944 642 flncrodsss
2101 572 2215 662 ῖς·

253 763 263 788 ¹
319 744 430 817 Ita
476 762 557 817 ue
612 736 705 811 ad
747 734 1132 809 arcendum
1190 734 1454 826 malum
1521 736 2210 845 refraenandamque

224 832 412 919 hanc
484 836 809 912 'centiam
845 834 1149 909 Ordines
1196 858 1363 907 cum
1402 836 1800 937 provinciis
1828 854 2050 941 grave
2077 866 2208 945 pe·-

222 940 508 1015 riculum'
551 932 963 1031 impendere
993 932 1361 1024 viderent,
1430 934 1674 1031 copias
1723 939 2212 1021 conscribunt.

215 1040 423 1115 Haec
467 1032 740 1108 etenim
782 1030 1069 1107 conscio
1124 1054 1566 1133 nequaquam
1621 1034 1830 1137 Rege
1895 1039 2001 1113 ita
2045 1040 2208 1121 fieri

222 1135 627 1211 arbitrantes
644 1188 668 1223 ,
732 1128 811 1205 ἃ
855 1130 1062 1228 ipfius
1094 1126 1173 1203 δι·
1200 1129 1390 1207 fua-m
1429 1131 1698 1229 pariter
1734 1134 2015 1212 causam
2041 1136 2205 1220 vin-

218 1234 591 1310 dicandam
638 1228 1048 1307 censebant.
1151 1228 1366 1333 Quod
1399 1254 1537 1343 pro
1579 1230 1856 1307 Patriae
1891 1234 2208 1315 Civium-⁴

212 1330 601 1446 quesalute
629 1328 867 1405 facere
898 1326 1083 1428 ipsos
1117 1328 1319 1429 pium
1356 1327 1740 1405 v1debatur
1778 1328 1858 1406 δε
1895 1334 2208 1411 necess'aa

205 1448 681 1606 ὣς
715 1424 1128 1602 ianm
1158 1422 2214 1631 {ffiefiffsszssfffflszaz

206 1628 581 1728 cujuslibet
632 1620 778 1701 ioci
806 1680 829 1715 ,
893 1620 1157 1699 ordinis
1187 1678 1211 1715 ,
1278 1622 1728 1721 profeffionis
1763 1682 1786 1718 ,
1847 1629 2211 1705 conditio-

203 1728 443 1829 nisque
501 1722 918 1823 perniciosis
972 1722 1439 1799 seditionibus
1502 1724 1616 1799 his
1665 1724 1824 1837 peti
1874 1727 1946 1802 se
1997 1729 2208 1817 vide-

203 1842 356 1901 rent
375 1882 397 1917 ‚
426 1846 661 1921 neque
678 1820 1149 1899 Ecclefiastici
1180 1846 1223 1895 a
1250 1819 1524 1920 reliquo
1545 1825 2014 1921 Reipublicae
2045 1852 2210 1903 cor-

201 1926 379 2023 por'e
418 1919 736 2093 disjmilffi
771 1919 845 1993 se
876 1920 1047 2018 paffi
1082 1919 1265 1997 filnt.
1368 1922 1918 2003 confide-rabant
1964 1926 2208 2029 enim,

198 2024 249 2097 sl
295 2020 587 2123 coeptis
697 2018 720 2092 i
764 2018 1145 2095 infistentes
1194 2018 1493 2097 effraeni
1554 2022 1856 2125 quadam
1907 2025 2208 2125 praeda-

197 2122 485 2196 tionum
525 2118 915 2236 cupiditate
942 2176 964 2211 ‚
1014 2120 1451 2221 contemptis
1489 2120 1711 2221 Regii
1749 2125 2047 2201 Senatus
2079 2124 2208 2201 de-
2333 2134 2338 2141 “

200 2221 423 2295 cretis
443 2275 466 2311 ,
532 2216 945 2293 m1serorum
988 2216 1361 2295 facultates
1408 2218 1716 2333 diripere
1777 2242 2206 2327 pergerent,

201 2338 347 2394 non
393 2320 614 2397 modo
668 2342 922 2419 pacem
976 2318 1315 2416 religioni
1380 2318 1744 2399 conc1liari
1775 2344 1920 2397 non
1963 2320 2212 2420 pofl'e,

197 2417 319 2495 sed
350 2442 495 2493 nec
524 2416 655 2493 reli
701 2440 823 2491 uas
862 2414 1335 2517 Reipublicae
1420 2434 1605 2491 artes
1634 2416 2019 2496 subfistere.
2099 2416 2207 2494 Eo

194 2517 363 2624 quia
416 2539 629 2589 nemo
722 2538 762 2585 e
812 2513 1297 2611 perduellione
1336 2442 1417 2586 13

194 2618 518 2702 bitabatl,
565 2612 897 2694 adversus
929 2634 1048 2684 eos
1075 2631 1404 2710 nontam
1440 2611 1520 2686 vi
1541 2670 1565 2708 ‚
1619 2635 1827 2712 quam
1857 2611 2207 2694 defensio-

191 2733 288 2788 ne
337 2711 454 2787 uti
479 2711 551 2784 se
574 2766 594 2801 ‚
643 2707 723 2785 ὅτ
762 2734 901 2808 pro
946 2726 1055 2792 tot
1103 2709 1511 2810 injuriamm
1555 2705 1916 2806 'ultione,'
1981 2713 2210 2828 roque

192 2813 424 2887 salute
455 2811 575 2887 sua
610 2833 801 2886 arma
849 2807 923 2884 se
968 2807 1238 2885 sumere
1276 2811 1842 2908 profitebantur:
1940 2838 1964 2887 1
2001 2835 2206 2890 enlm

192 2909 565 3012 quiescant
593 2965 616 3001 ,
663 2907 1025 2987 socordiae
1066 2907 1437 2986 infamiam
1468 2907 1551 2986 ὅτ
1597 2929 1871 2986 certum
1903 2911 2209 2988 exitium

193 3013 264 3084 se
299 3033 629 3100 manere3
678 3029 829 3082 non
878 3006 1150 3085 etenim
1188 3007 1541 3110 Hispanos
1577 3009 1948 3087 licentiose
1980 3027 2211 3112 ageret

196 3109 617 3202 cessaturos,
666 3107 794 3183 nifi
821 3106 900 3182 vi
938 3129 1427 3187 coerceantur.
1629 3153 1650 3172 ·

293 3207 421 3282 Ad
459 3209 638 3282 haec
674 3230 1094 3306 quamquam
1148 3209 1411 3286 multae
1455 3205 1910 3297 difficultates
1939 3224 2202 3283 occur·-

196 3324 442 3384 ferent
460 3363 487 3400 ,
538 3307 788 3417 ingens
829 3304 1129 3380 militiae
1170 3306 1367 3384 labor
1392 3329 1477 3382 ac
1515 3304 1834 3404 pericula
1873 3325 2030 3380 turn
2057 3305 2197 3380 im-

202 3403 517 3505 pensae,
580 3404 764 3484 vicit
810 3423 1047 3477 tamen
1107 3403 1431 3500 praesens
1494 3403 1861 3480 neceffitas
1923 3403 2197 3482 futuro-⁴

202 3531 354 3580 rum
419 3527 695 3580 curam.
798 3503 1242 3608 Qamquam
1286 3501 1430 3576 hoc
1477 3501 1643 3576 belli
1693 3501 1924 3579 studio
1955 3502 2035 3580 ἃ
2059 3505 2198 3578 mi-

204 3602 389 3682 litari
416 3620 761 3706 apparatu
794 3601 990 3676 omni
1050 3599 1416 3674 dedecoris
1456 3601 1615 3698 plus
1656 3597 1736 3676 ὅτ
1780 3602 2196 3680 detrimenti·

210 3725 414 3804 quam
438 3701 665 3776 laudis
714 3720 833 3776 aut
874 3698 1199 3800 praesidii
1244 3699 1371 3773 fibi
1418 3721 1959 3798 compararunt,
2008 3702 2198 3779 indi-

208 3799 521 3904 gniffime
564 3798 899 3906 siquidem
932 3797 1245 3872 ferentes
1277 3797 1577 3896 Hispani
1610 3823 1800 3877 arma
1835 3821 2086 3878 contra
2118 3800 2194 3876 se

203 3897 559 4008 expediri,
607 3899 748 3973 fine
776 3897 1218 3977 cunstatione
1249 3922 1414 3973 cum
1450 3898 1961 3977 Germanorum
1990 3923 2193 4000 prae-

206 3995 433 4088 sidio,
498 3997 683 4104 quod
731 3994 1203 4096 Antverpiam
1255 3999 1583 4090 tenebat,
1634 4020 1879 4098 agunt.
1981 4003 2195 4074 Cum-

202 4117 339 4216 que
388 4093 589 4174 cives
644 4095 733 4174 de
790 4095 1115 4199 periculo
1166 4095 1289 4180 suo
1341 4097 1622 4178 solliciti
1677 4097 2028 4179 ordinum
2072 4119 2218 4206 ‹qo-j

1581 4219 1613 4252 0
1795 4217 1798 4224 ·
2039 4215 2198 4292 pras

1418 2512 1820 2612 ispanorum
1851 2538 2044 2591 nunc
2077 2514 2208 2591 dus
2311 2548 2330 2567 ⁷
