3017 5200
1020 494 1436 599 (277)

222 688 515 784 Limpida
555 688 856 788 Dyr-caeo
893 684 1259 760 ‘madefactis
1297 692 1549 779 gurgite
1594 694 1847 776 cannis,

313 802 512 867 Verba
554 799 718 864 ferat
762 817 945 865 certo
992 803 1358 867 continuata
1401 800 1577 883 pede.

219 904 502 992 Insurgat
550 909 862 986 numeris,
909 908 972 973 ὅτ
1019 910 1205 976 tollat
1245 907 1322 971 ad
1359 908 1612 974 aethera
1654 906 1906 991 cristam,

308 1019 479 1083 Olim
520 1019 804 1083 nobilior
846 1018 1114 1085 Schetus
1160 1017 1460 1100 equestris
1497 1022 1659 1099 erit,

220 1126 562 1210 Demessus
599 1133 798 1215 jaceat
842 1150 1026 1217 quam
1075 1128 1120 1197 fi
1166 1128 1449 1195 sermone
1497 1128 1813 1215 pedestri,

269 1245 442 1320 ‚Vix
483 1246 596 1313 ulli
647 1246 904 1330 antiquo
952 1240 1432 1323 conspiciendus
1479 1259 1625 1308 avo·

220 1358 428 1426 Crede
471 1360 664 1439 mihi,
703 1336 936 1423 'latices
979 1347 1180 1435 Grajo
1234 1352 1314 1416 de
1360 1350 1545 1417 fonte
1589 1352 1868 1437 petitos,

297 1470 448 1563 Qui
495 1456 660 1537 fitie't
700 1466 989 1551 lymphas
1027 1462 1318 1545 protinus
1357 1460 1465 1527 ille
1508 1478 1707 1547 petet.

225 1574 372 1652 Nec
413 1584 653 1650 tardum
699 1582 762 1646 in
813 1578 972 1645 fleca
1019 1576 1282 1661 spatiare
1322 1576 1570 1655 iuvabit
1617 1597 1839 1663 arena,

315 1696 483 1761 Dum
528 1710 733 1759 novus
776 1689 1012 1755 albenti
1059 1686 1293 1751 labitur
1337 1687 1535 1751 amnis
1582 1706 1755 1772 aqua.
1898 1673 1901 1675 V

137 1858 143 1863 .
227 1802 488 1893 Quique
533 1798 686 1865 novi
729 1812 1024 1881 properat
1072 1808 1434 1859 commotus
1474 1796 1735 1859 nomine
1778 1802 1980 1885 vatis,

311 1910 648 1977 Lecturam
689 1907 896 1991 primo
937 1902 1128 1969 libera
1169 1898 1358 1961 verba
1401 1900 1631 1995 putes?

227 2018 512 2085 Naufe‘et
553 2018 665 2082 iile.
700 2016 916 2101 prius,
965 2030 1112 2076 curn
1159 2009 1351 2072 libera
1395 2010 1587 2074 verba
1630 2002 1913 2096 videbit,
1961 2030 1963 2032 ’

309 2126 453 2195 Nec
507 2125 741 2209 cupido
793 2121 1038 2203 injiciet
1079 2118 1308 2185 rustica
1351 2118 1529 2200 prosa
1572 2138 1831 2189 moram.

227 2236 437 2325 Quam
478 2252 630 2300 >mox
676 2231 1038 2314 indignans,
1078 2226 1310 2290 merito
1359 2228 1633 2290 carbone
1676 2233 1956 2315 notarit,

305 2350 471 2415 Cum
517 2346 736 2411 nostro
785 2338 1130 2424 explodens
1171 2335 1426 2399 nomine
1471 2334 1835 2419 posteritas:

231 2459 386 2556 Non
433 2457 645 2531 secus,
686 2466 932 2517 arentes
979 2464 1164 2529 quam
1215 2462 1414 2509 verno
1457 2463 1743 2528 tempore
1780 2469 2025 2543 ramos,
2198 2503 2225 2517 -

320 2562 664 2634 Arboribus
715 2576 908 2627 curva
955 2552 1181 2623 rustIce
1227 2552 1392 2619 falce
1437 2569 1641 2636 putas,

227 2673 525 2744 Interea,
562 2662 723 2729 caffa
764 2661 1141 2736 verborum,
1188 2655 1428 2737 vixque
1473 2658 1733 2741 legenda

311 2775 632 2844 Obdustus
678 2770 870 2846 serie,
913 2766 1182 2832 Schetus
1226 2763 1468 2830 honore
1519 2786 1739 2835 vacet.

229 2879 568 2986 Quemque
611 2887 703 2948 tui
747 2879 934 2964 jactas
977 2875 1284 2942 victurum
1337 2877 1593 2945 nominc
1631 2881 1815 2974 libri,

319 2999 386 3064 In
437 2995 724 3062 tenebras
765 2988 1001 3076 pressus
1049 2985 1348 3050 concidet
1388 3003 1539 3054 ante
1582 2989 1771 3054 diem.

237 3107 741 3189 Contemptusve
780 3116 922 3167 ruet
964 3097 1293 3183 praebens
1307 3096 1573 3160 ludibria
1615 3099 1851 3180 vuigO,

315 3219 411 3284 Ut
456 3233 632 3280 vetus
679 3205 893 3274 eversa
933 3206 1116 3270 divus
1165 3206 1228 3270 in
1282 3205 1432 3269 aede
1480 3205 1675 3270 solet:

235 3325 327 3396 Ni
370 3321 490 3388 fiet
545 3320 818 3388 Ausonia
865 3315 1026 3382 bene
1077 3314 1452 3380 conservata
1491 3315 1815 3383 Camoena

322 3421 644 3500 Nomina,
691 3427 958 3504 cumque
1005 3417 1116 3483 suo
1161 3422 1529 3488 continuata
1576 3426 1761 3492 libro·

237 3539 574 3606 Maecenas
607 3533 843 3597 lateat?
879 3549 1082 3616 neque
1112 3535 1277 3597 enim
1301 3579 1320 3611 ,
1375 3535 1498 3600 hoc
1536 3535 1648 3603 sub
1686 3539 1943 3606 nomine
1972 3539 2163 3609 laetas

329 3645 503 3737 Quid
554 3641 752 3708 faciat.
797 3643 1078 3730 segetes,
1128 3665 1228 3711 me
1276 3647 1576 3716 dedicisse
1626 3648 1852 3718 seiam:
1988 3645 2006 3668 ”

241 3755 434 3838 Hune
476 3754 587 3825 nisi
633 3753 884 3824 fecisset
931 3755 1136 3822 studio
1186 3757 1492 3839 prudente
1531 3759 1765 3825 Poetae

221 3909 248 3924 ,
328 3859 710 3950 Principium
759 3865 1052 3950 incoepti
1107 3865 1399 3933 carminis
1457 3866 1785 3937 AndiadeS.
1845 3893 1849 3909 ·
2286 3903 2289 3908 ·

1299 3959 1340 4027 S
1377 3981 1486 4051 3
2000 3963 2221 4046 Adde,
