3017 5200
1029 467 1074 565 (
1167 486 1342 561 259-
1397 466 1515 587 ·),

265 660 384 733 me
432 655 752 730 favillatos
791 658 1337 745 jecorireparabit
1378 682 1632 735 amores
1650 713 1675 751 ,

355 770 568 857 Atque
606 790 780 839 novo
821 790 1056 841 vacuos
1091 772 1357 851 instruet
1393 777 1541 863 igne
1584 782 1768 849 finus.
1876 814 1879 819 ·

265 866 460 941 Tunc
493 892 595 942 tua
633 880 944 945 connexis
983 880 1204 947 volvar
1241 896 1355 965 per
1399 884 1565 950 colla
1606 884 1893 963 lacertis,

340 978 536 1049 Nulla
576 983 724 1063 viro
759 984 958 1053 fuerit
1000 1006 1134 1053 nox
1183 985 1350 1067 fine,
1393 991 1562 1057 nulla
1598 990 1757 1055 dies.

257 1079 503 1153 Interea
543 1088 776 1173 priscas
817 1093 1078 1160 reddant
1113 1093 1280 1159 bona
1311 1112 1603 1177 tempora
1639 1095 1842 1174 vires,
1876 1148 1881 1154 .

347 1198 663 1284 Lethargo
712 1219 1014 1285 vegetent
1059 1204 1121 1271 &
1160 1202 1454 1289 fugiente
1495 1206 1681 1273 latus.

250 1298 504 1369 Debito
551 1323 624 1381 ut,
652 1306 922 1391 accipias
958 1322 1234 1374 maturos
1272 1325 1559 1393 tempore
1602 1309 1885 1387 fructus,

331 1418 518 1507 Quae
557 1438 728 1486 nova
761 1438 931 1491 nunc
967 1416 1158 1483 herba
1189 1412 1282 1493 est
1311 1434 1458 1483 cum
1499 1402 1615 1481 t’ibi
1652 1417 1853 1481 meffis
1891 1415 2039 1481 erit.

243 1522 383 1614 Qui
426 1525 601 1608 prius
629 1540 996 1591 autumnum
1025 1540 1211 1608 quam
1248 1518 1450 1587 Pleias
1483 1534 1629 1584 orta
1670 1517 1967 1597 reduxit,

330 1634 526 1700 Poma
559 1635 748 1720 legit,
787 1635 1028 1704 fructus
1063 1634 1308 1717 diffipat
1341 1634 1472 1719 ipse
1508 1633 1677 1701 suos.

241 1742 516 1831 Pontia,
567 1743 676 1811 sed
725 1762 940 1813 tecum
983 1744 1132 1811 satis
1163 1740 1256 1807 est
1295 1741 1686 1824 nimiumque
1720 1737 2047 1819 jocatum,

335 1851 492 1919 Non
523 1854 700 1933 ·tibi,¹
744 1874 962 1923 verum
996 1850 1198 1919 Hesso
1234 1850 1562 1917 scribimus
1600 1848 1716 1915 ista
1748 1864 1917 1913 mec.
1974 1904 1979 1913 .

131 1933 143 1953 ’
243 1951 580 2048 IlleNnalis
608 1958 914 2031 Schetum
955 1952 1194 2027 tantum
1229 1974 1360 2021 non
1389 1955 1647 2039 perdier
1681 1956 1893 2036 boris,

335 2065 654 2164 Quaeque
687 2066 762 2133 fit
807 2062 1047 2131 imbelli
1086 2060 1252 2127 Iusta
1289 2060 1579 2126 obeunda
1618 2061 1820 2127 videt.

235 2170 378 2254 Jam
415 2164 630 2243 casus,
683 2159 982 2243 Eobane,
1014 2152 1230 2242 doles,
1271 2164 1656 2247 melioraque
1699 2161 1950 2242 divos,

329 2273 421 2341 Ni
465 2270 706 2351 fallor,
745 2273 948 2357 multa
995 2274 1304 2358 religione
1349 2294 1553 2360 rogas.

231 2382 392 2453 Nec
433 2400 498 2450 te
539 2398 668 2449 tam
695 2380 869 2463 iustis
909 2380 1238 2451 inamoena
1272 2382 1511 2453 fiientia
1546 2360 1741 2453 causis

327 2496 656 2579 Tempore
689 2492 814 2572 jam
855 2494 1052 2579 longo
1091 2494 1472 2561 continuata
1511 2510 1800 2563 movent.
1948 2568 1952 2579 ,

229 2602 399 2671 Non
435 2594 876 2684 promifl'orum
921 2596 1205 2664 malefida
1243 2595 1535 2678 oblivio,
1590 2595 1875 2683 quamvis

327 2708 568 2778 Debita
621 2705 726 2772 vix
759 2705 982 2772 habeat
1021 2709 1128 2774 vel
1163 2705 1331 2772 ferat
1368 2725 1537 2774 arma
1574 2709 1766 2774 iatus.

226 2824 484 2910 Pugi0,
527 2834 668 2886 nam
706 2815 1002 2894 memini,
1039 2815 1220 2883 datus
1244 2813 1338 2880 est
1383 2816 1501 2882 tibi
1532 2832 1814 2928 tempore
1854 2815 1934 2883 ab
1966 2815 2121 2898 ino,

317 2943 478 3036 Quo
511 2935 664 3005 mihi
701 2933 1056 3022 Martburgi
1090 2931 1186 3000 est
1235 2927 1370 3008 visa
1415 2951 1657 3006 corona
1697 2913 1812 3004 t'ui.
2112 2987 2117 2993 .

221 3053 363 3124 Sed
407 3047 674 3134 quitum
705 3040 890 3128 datus
928 3038 1060 3131 est,
1115 3042 1314 3126 longo
1359 3040 1504 3126 post
1547 3057 1831 3160 tempore
1863 3037 2076 3110 missus

322 3156 463 3222 Vix
511 3147 812 3228 desiderio
852 3162 964 3228 par
1003 3145 1132 3214 fuit
1177 3151 1289 3216 ille
1332 3169 1925 3218 tuo..
2160 3169 2165 3173 ’

215 3269 338 3337 Da
374 3262 624 3332 veniam
654 3255 852 3336 fasso,
901 3256 1141 3340 stupuit
1179 3278 1356 3328 mens
1388 3261 1631 3344 percita
1664 3263 1899 3333 morbo
1914 3305 1943 3341 ,

319 3368 466 3456 Ipsa
503 3365 594 3431 sui
638 3364 703 3432 in
747 3362 934 3440 tantis
971 3361 1176 3430 nescia
1219 3362 1635 3435 fastamalis.
1808 3446 1813 3461 .

213 3487 432 3560 Nulla
467 3475 812 3546 veternoso
844 3474 1126 3556 subiere,
1165 3477 1468 3565 Eobane2
1499 3477 1723 3568 fuique

309 3601 660 3665 Immemor
691 3605 884 3676 atque
918 3591 1052 3668 tui,
1093 3604 1286 3676 atque
1319 3592 1656 3660 immemor
1695 3593 1826 3678 ipse
1864 3594 2013 3666 mei.

224 3697 436 3769 Nunc
463 3696 766 3784 primum
784 3692 946 3762 laffo
981 3691 1242 3760 discedo
1285 3693 1491 3762 vietor
1532 3696 1612 3760 ab
1658 3697 1875 3784 hoste,

319 3809 574 3897 Atque
584 3829 804 3886 recens
827 3807 1120 3900 spolium
1161 3810 1246 3880 de
1288 3825 1591 3893 pereunte
1621 3809 1803 3900 fere,

1261 3914 1322 3986 R
1363 3937 1402 3986 2
1884 3935 1895 3948 ⁸
2075 3919 2214 3995 Vix
