3017 5200
960 510 1089 607 .1(-
1187 510 1462 611 2⁶7)

271 708 386 801 Ut
425 703 609 785 miser
651 702 946 773 auriculis
991 702 1216 773 Cumis
1253 702 1588 789 deprensus
1626 700 1888 787 asellus,

379 822 551 889 Dum
592 838 799 903 regem
840 816 1150 901 affumpta
1191 821 1360 902 pelle
1397 818 1597 886 leonis
1638 820 1792 903 agit.
1830 874 1836 880 .

295 927 583 998 Inveniat
628 924 810 991 cultu
853 923 958 988 vel
1001 922 1284 988 moribus
1334 920 1460 989 esse
1499 923 1847 1007 profanae,

369 1034 520 1100 Arte
556 1031 630 1097 fit
669 1031 990 1115 ingenium
1030 1030 1370 1098 deficiente
1405 1033 1629 1117 palam.

293 1138 608 1206 Emer-itus
651 1135 861 1203 fateor
899 1135 1132 1206 Musas
1155 1136 1603 1223 Phoebumque
1644 1138 1910 1224 reliqui,

369 1248 702 1314 Mercator
744 1245 944 1309 multa
986 1243 1316 1313 sedulitate
1355 1254 1581 1312 novus.

287 1362 391 1427 Iro
424 1377 634 1425 tamen
659 1356 1082 1440 (quamquam
1115 1354 1301 1423 fuero
1335 1357 1452 1423 tibi
1483 1356 1661 1425 forte
1700 1359 1984 1444 pudori)

374 1463 677 1549 Audebo,
717 1477 846 1543 quo
891 1476 992 1531 me
1043 1475 1352 1551 cumque,
1400 1456 1702 1535 Eobane,
1752 1462 1952 1527 voles.

284 1574 484 1641 Ultro
535 1572 598 1636 δὲ
633 1570 892 1635 delatos
939 1584 1070 1633 non
1118 1564 1444 1633 aversabor
1487 1565 1827 1648 honores,·
1916 1628 1921 1633 .

375 1681 674 1749 Rusticus
715 1693 786 1743 ut
831 1666 1092 1760 magnos
1129 1677 1396 1759 pallidus
1449 1694 1597 1745 ante
1644 1681 1838 1751 viros.

286 1792 603 1864 Affectata
652 1788 838 1855 nimis
883 1785 1096 1856 forsan
1145 1787 1237 1877 iit¹
1269 1789 1475 1874 gloria
1528 1793 1809 1875 crimen,

377 1904 588 1990 Atque
635 1897 842 1965 trahat
886 1896 1072 1963 stulta
1115 1896 1196 1961 de
1243 1896 1510 1963 levitate
1559 1914 1802 1964 notam.

194 2064 206 2075 .
283 2008 428 2094 Ipsa
473 2006 686 2073 eadem
731 2002 1012 2085 neglecta
1055 2000 1242 2067 nimis
1294 1997 1451 2081 (me
1492 2000 1758 2083 judice)
1808 2001 2006 2083 maius

275 2152 284 2161 ·
368 2114 668 2193 Crimen,
709 2110 771 2176 ἃ
820 2098 1082 2173 insulsae
1121 2102 1492 2171 rusticitatis
1546 2105 1691 2171 erit.
2218 2174 2221 2181 ,

281 2224 458 2295 Nam
511 2224 895 2309 quicumque
944 2224 1088 2285 suae
1129 2219 1366 2301 spernit
1413 2220 1749 2300 praeconia
1778 2218 2023 2303 famae,
2452 2274 2471 2307 ,
2552 2274 2559 2284 .

358 2328 743 2419 Quercubus
785 2323 1036 2410 Alpinis
1069 2320 1559 2388 adnumerandus
1596 2322 1739 2387 erit.

279 2432 407 2499 Nil
441 2454 652 2500 moror
679 2452 866 2517 erg0,
912 2429 1164 2515 sequar,
1207 2444 1338 2513 quo
1370 2448 1474 2497 me
1507 2430 1607 2495 vis
1640 2430 1732 2500 ire
1756 2451 2050 2519 paratus,

365 2541 542 2637 Quid
586 2541 816 2621 deceat,
845 2539 1002 2609 scire
1047 2537 1139 2606 est
1181 2538 1498 2622 muneris,
1551 2536 1785 2621 Hess'e,
1832 2544 1949 2612 tui.

281 2653 353 2720 Si
383 2653 606 2734 dignus
632 2666 946 2718 mercator
979 2649 1174 2713 bomo
1201 2645 1340 2727 est,
1375 2644 1725 2732 opifexque
1758 2650 2087 2740 profanus,

371 2756 508 2847 Qui
555 2753 739 2832 stin
782 2754 1068 2823 Ausonio
1109 2755 1324 2820 duxve
1369 2771 1668 2818 comesve
1707 2755 1943 2825 choro:
2013 2795 2019 2808 ι

169 2863 176 2870 ’
281 2857 418 2950 Qui
463 2859 568 2926 sua
605 2857 846 2925 divino
869 2860 1234 2948 praemittat
1277 2860 1533 2925 nomina
1571 2839 1778 2944 libro,

371 2962 624 3052 Cuique
661 2964 898 3032 dabunt
948 2965 1142 3033 Latio
1190 2962 1428 3030 saecula
1467 2963 1637 3028 nulla
1684 2982 1914 3048 parem.
2030 2968 2037 2976 '

276 3071 346 3138 Si
382 3071 497 3136 tibi
535 3070 665 3142 sum
707 3077 904 3157 tanti,
947 3061 1195 3143 tantum
1236 3075 1390 3140 mihi
1435 3072 1697 3140 meess'e
1732 3075 2011 3161 jubebo,

357 3175 736 3263 judicioque
776 3199 890 3249 tuo
934 3185 1256 3271 quoslibet
1295 3200 1442 3246 ante
1478 3181 1666 3248 ferar.

275 3281 569 3350 Forsitan
612 3284 672 3351 Gt
715 3285 981 3366 Musae,
1019 3305 1138 3352 nec
1185 3286 1436 3370 iniquae
1480 3285 1709 3354 mentis
1746 3285 1985 3372 Apollo
2000 3335 2029 3372 ,

365 3394 435 3462 Si
482 3408 790 3464 memores
837 3400 1074 3483 priscae
1121 3399 1470 3467 sedulitatis
1510 3417 1734 3484 erunt,

279 3499 442 3569 Non
463 3505 759 3585 pavidum
773 3509 1078 3591 exploden
1087 3526 1138 3590 t,
1161 3509 1874 3604 coeptusque,Eobane‚
1891 3510 2251 3602 triumphus

365 3607 523 3678 Non
565 3615 772 3681 minus
820 3615 1080 3682 admisso
1128 3615 1406 3705 Caspare
1434 3615 1620 3684 divus
1661 3619 1809 3688 erit.

285 3710 576 3800 Namque
621 3722 776 3792 olim
821 3721 1028 3791 niveis
1065 3723 1191 3790 ales
1235 3721 1552 3789 Phoebeia
1593 3724 1849 3810 pennis,

363 3821 530 3900 Tale
582 3833 748 3906 feret
806 3836 1039 3910 nudam
1081 3853 1211 3908 non
1252 3829 1547 3906 meruiss'e
1592 3829 1803 3904 fidem.
1919 3897 1921 3904 .
2109 3939 2181 4005 SI

968 3977 976 3986 ,
2082 3975 2091 3984 ·
2182 3953 2241 4002 t-

1189 4113 1238 4131 x
