3017 5200
851 532 994 606 180
1199 514 2493 626 castatis-‘acutri

854 714 1245 798 coguntur,
1297 697 1466 769 hinc
1497 694 1715 768 etiam
1750 690 1871 778 fit,
1920 706 1999 763 ut
2054 687 2412 761 utiliffimo
2444 684 2830 785 ‚priventur

857 794 1338 873 converfionis
1365 794 1524 867 suae
1553 788 1892 865 remedio.
1988 784 2345 859 Postremo
2368 842 2389 875 ‚
2422 785 2820 883 corruptio-

853 918 960 972 res
991 896 1180 969 forte
1221 890 1380 989 post
1426 889 1800 967 victoriam
1842 883 2217 958 reddentur
2260 883 2583 957 omnium
2637 883 2823 980 apud

858 1018 988 1067 nos
1033 988 1387 1065 Ordinum
1453 1008 1706 1063 mores.
1812 982 2328 1057 Gubernatores
2376 980 2453 1056 &
2483 980 2829 1056 Praefeffl

855 1091 1214 1187 utriusque
1248 1086 1510 1163 ordinis
1542 1084 1695 1161 vim
1737 1084 1925 1159 suam
1968 1081 2154 1155 forte
2206 1080 2427 1179 magis
2454 1080 2833 1155 ostendent

855 1193 932 1265 in
967 1188 1220 1263 amissis
1262 1186 1394 1261 suis
1425 1184 1677 1274 bonis,
1728 1204 1891 1257 cum
1930 1179 2222 1255 foenore
2278 1202 2590 1277 quoque,
2638 1178 2693 1250 fi
2746 1177 2829 1250 fit

852 1313 1069 1385 opus,
1117 1285 1611 1382 recuperandis
1640 1340 1661 1370 ‚
1708 1304 1919 1379 quam
1966 1279 2041 1355 in
2087 1276 2397 1353 moribus
2438 1278 2829 1350 reforman-

855 1386 988 1461 dis.
1039 1388 1122 1459 In
1143 1383 1508 1472 militibus,
1526 1382 1797 1481 quibus,
1818 1399 2177 1475 tamquam
2210 1375 2584 1452 necessaria
2602 1372 2834 1458 visto-

855 1484 1008 1559 riae
1048 1482 1285 1570 tutela,
1320 1482 1529 1577 plena
1570 1478 1810 1553 futura
1837 1478 1993 1551 sunt
2022 1474 2305 1563 omnia,
2328 1474 2574 1549 eadem
2598 1496 2823 1570 ,quae

850 1582 932 1657 in
977 1581 1424 1670 aliis,erunt,
1461 1580 1661 1653 luxus
1690 1632 1710 1665 ,
1762 1572 2387 1671 intemperantiae,
2440 1572 2827 1662 avaritiae,

784 1748 790 1755 .
858 1686 1066 1777 quam
1114 1678 1358 1752 odium
1409 1679 1486 1752 in
1524 1676 1805 1751 miseros
1848 1674 2161 1748 subditos
2202 1673 2432 1768 magis
2482 1689 2827 1758 exacuet,

853 1798 1058 1875 atque
1105 1776 1543 1875 arrogantiae
1584 1774 1801 1849 vitia.·
1883 1770 2183 1847 Nobiles
2210 1826 2232 1863 ‚
2276 1790 2713 1843 mercatores
2753 1767 2829 1841 ἀ

856 1875 977 1949 alii
1021 1875 1217 1949 cives
1248 1877 1435 1949 nulla
1461 1874 1728 1971 majore
1776 1872 1853 1946 in
1896 1868 2247 1968 posterum
2302 1868 2671 1965 disciplina
2716 1866 2827 1939 sua

854 1998 1130 2071 quoque
1157 1972 1384 2065 vitia,
1429 1972 1680 2071 quibus
1723 1968 2039 2044 nonnulli
2082 1965 2307 2065 magis
2348 1966 2567 2041 etiarn
2606 1965 2825 2038 indul-

909 2095 1024 2145 ere
1061 2071 1430 2163 dicuntur,
1481 2064 1627 2169 quo
1666 2067 1888 2164 magis
1944 2064 2165 2142 abfint
2216 2068 2302 2141 ab
2349 2064 2547 2139 omni
2584 2064 2822 2138 haere-

881 2195 936 2243 ιε
971 2169 1402 2266 suspicione,
1449 2190 1713 2242 exuere
1750 2190 1894 2243 non
1938 2182 2302 2263 cogentur.
2398 2162 2817 2237 Ecclesiasti-

799 2333 804 2339 .
851 2267 924 2343 ci
977 2268 1278 2365 denique
1319 2268 1410 2341 ad
1465 2265 1940 2363 dignitatem,
2006 2262 2501 2369 authoritatem
2537 2320 2559 2354 ,
2616 2260 2695 2336 &
2732 2262 2816 2333 ad

845 2390 1025 2463 opes
1051 2365 1198 2441 suas
1220 2422 1241 2456 ,
1265 2362 1521 2441 addam
1554 2362 1777 2449 etiam
1806 2362 1897 2437 ad
1928 2362 2321 2459 voluptates
2344 2418 2362 2449 ,
2398 2362 2654 2435 reverli
2676 2418 2698 2450 ,
2738 2359 2808 2433 ὅ(

846 2464 980 2561 ipfi
1007 2482 1284 2563 quoque
1299 2465 1527 2563 magis
1544 2456 2084 2539 insultatione&
2117 2460 2503 2535 acerbitate
2542 2460 2621 2533 in
2650 2459 2806 2532 hae-

848 2563 1112 2639 reticos
1143 2584 1347 2662 atque
1377 2564 1452 2639 in
1482 2559 1871 2638 retinendis
1908 2556 2261 2647 abufibus,
2314 2582 2519 2656 quam
2557 2559 2637 2633 in
2665 2583 2808 2634 mo—

849 2662 1042 2738 ribus
1071 2662 1248 2745 suis,
1300 2662 1420 2760 qui
1469 2679 1741 2736 tantam
1780 2658 1947 2734 huic
1992 2659 2243 2732 morbo
2288 2659 2563 2734 causam
2616 2682 2807 2756 prae-

846 2761 1194 2851 buerunt,
1243 2758 1703 2835 emendandis
1737 2814 1761 2849 ,
1808 2759 1880 2832 se
1928 2755 2375 2853 triumphass'e
2408 2757 2698 2831 tandem
2726 2758 2813 2830 de

843 2855 1156 2932 hostibus
1193 2856 1787 2933 demonstrabunt.
1891 2855 2030 2930 His
2076 2877 2155 2926 er
2205 2879 2250 2928 o
2287 2911 2307 2946 ,
2360 2873 2439 2930 ut
2468 2857 2655 2944 dixi,
2710 2856 2816 2930 ita

839 2953 989 3028 sese
1025 2953 1444 3032 habentibus
1469 3011 1491 3046 ‚
1540 2979 1687 3030 non
1722 2952 2075 3053 possumus
2107 2976 2147 3025 e
2202 2977 2248 3026 e
2278 2954 2531 3046 securi,
2576 2957 2809 3031 latens

841 3053 1098 3128 hocin
1139 3053 1523 3128 visceribus
1570 3051 1820 3129 nostris
1874 3053 2171 3141 malum,
2222 3052 2411 3149 quod
2438 3071 2543 3126 tot
2582 3053 2813 3126 habet

847 3149 1214 3228 crescendi
1257 3150 1492 3228 causas
1522 3209 1544 3242 ,
1605 3152 1935 3250 quodque
1965 3209 1987 3242 ,
2030 3175 2197 3226 cum
2258 3169 2402 3224 tam
2466 3150 2811 3250 exiguum

843 3249 1056 3340 effet,
1109 3249 1187 3326 ὅ(
1219 3271 1364 3327 tam
1406 3251 1881 3342 imbecillum,
1933 3249 2130 3324 nullis
2176 3247 2427 3329 nostris
2456 3249 2812 3347 suppliciis

842 3348 1227 3449 comprimi
1269 3349 1549 3447 potuit,
1602 3351 1897 3448 majores
1924 3347 2255 3447 paulatim
2295 3347 2483 3422 vires
2516 3349 2794 3447 adeptu-

839 3471 1000 3522 rum
1027 3505 1049 3539 ‚
1101 3468 1307 3548 atque
1335 3447 1420 3542 ¹in
1461 3447 1667 3547 hujus
1715 3447 1934 3523 fimile
1978 3447 2307 3520 bellorum
2357 3445 2799 3536 incendium,

839 3543 990 3620 sive
1032 3547 1171 3622 suis
1213 3567 1492 3625 tantum
1540 3547 1810 3622 viribus
1854 3546 1941 3618 *in
1977 3567 2109 3619 nos
2152 3544 2493 3618 haeretici
2535 3546 2801 3643 conspi-

831 3664 998 3718 rent
1024 3702 1046 3736 ,
1074 3645 1218 3723 five
1252 3669 1414 3722 curn
1449 3645 1706 3722 vicinis
1738 3642 2027 3718 consilia.
2052 3643 2585 3718 communicent
2607 3702 2631 3735 ,
2660 3669 2805 3718 non

841 3764 1276 3838 erupturum.
1451 3745 1857 3819 uamobrem
1883 3743 2113 3840 palam
2154 3743 2415 3816 saelum
2458 3743 2601 3818 effe
2636 3742 2807 3816 arbi-

835 3857 1023 3931 tror,
1075 3841 1379 3917 nostram
1427 3867 1452 3916 1
1479 3843 1619 3916 lam
1660 3841 1871 3916 tantis
1915 3840 2055 3915 tuis
2098 3840 2325 3931 curis,
2376 3864 2462 3914 ac
2495 3861 2645 3916 tam
2674 3842 2803 3915 im·

828 3938 1084 4012 meniis
1115 3939 1511 4034 sumptibus
1537 3999 1558 4030 ,
1588 3965 1673 4014 ac
1696 3958 1894 4014 tanto
1913 3957 2193 4016 tuorum
2234 3937 2613 4036 sanguine,
2647 3963 2799 4037 pat·

824 4055 972 4116 tam
1002 4036 1398 4118 Victoriam
1421 4093 1444 4129 ‚
1493 4039 1698 4138 supra
1741 4057 1895 4134 tot,
1945 4061 2122 4142 quae
2168 4063 2325 4132 eam
2362 4039 2808 4121 comitabun-

812 4167 818 4172 ’
1616 4199 1621 4202 ·
1688 4193 1694 4198 ’
2665 4155 2797 4231 mss
