3017 5200
828 502 927 577 24
1068 480 1275 559 Cisr.
1326 478 1604 555 Scan-rr
1651 448 1895 552 Gonu.
1947 498 2044 557 nr.
2091 500 2274 558 rici:
2325 492 2555 561 mre&

834 657 1273 777 propendere
1308 655 1632 734 omnium
1658 653 1927 729 animos
1965 653 2039 728 in
2073 674 2307 752 partes
2339 679 2582 731 eorum
2602 710 2624 744 ‚
2675 655 2794 751 qui

828 784 909 839 111
944 762 1081 833 hoc
1130 773 1409 830 tantum
1458 753 1873 827 incumbant
1911 810 1933 843 ‚
1981 773 2058 827 ut
2099 756 2424 852 perpetui
2457 754 2786 833 tumultus

827 882 961 959 per
991 848 1433 954 provinciam
1481 870 1941 927 exerceantur
1977 906 2002 940 ‚
2049 872 2255 949 utque
2295 866 2672 949 praetextu
2709 851 2784 922 li-

828 953 1127 1032 bertatis'
1143 1008 1166 1043 ,
1214 950 1755 1049 privilegiorum
1775 1007 1798 1041 ‚
1843 947 1922 1023 &
1955 948 2475 1025 immunitatum
2522 946 2790 1025 conser—
2961 946 2967 1045 l

836 1050 1229 1129 vandarurn
1290 1048 1524 1147 Regia
1592 1050 1835 1145 passim
1897 1047 2280 1125 authoritas
2358 1068 2756 1124 attenuetur
2773 1104 2794 1137 ,
2964 1052 2967 1085 ²

836 1152 919 1227 dt
958 1148 1249 1227 tandem
1280 1148 1558 1247 penitus
1595 1144 2034 1245 explodatur.
2149 1146 2378 1252 Quam
2423 1152 2516 1223 ob
2549 1170 2704 1221 rem
2753 1144 2798 1221 fi

833 1249 1151 1333 reditum
1178 1248 1372 1321 suum
1416 1244 1725 1319 Ordines
1769 1246 2198 1343 populusque
2257 1246 2681 1337 desiderant,
2732 1241 2800 1317 δε

843 1346 1036 1446 Regi
1068 1344 1570 1419 authoritatem
1598 1343 1677 1419 ὅ(
1708 1342 1840 1417 fibi
1871 1342 2146 1417 vicario
2177 1344 2326 1443 ejus
2367 1344 2796 1441 obsequium,

845 1466 1097 1521 contra
1138 1466 1343 1542 quae,
1382 1439 1699 1539 graviter
1773 1440 2216 1516 commiffum
2284 1442 2420 1519 effe
2466 1443 2584 1535 sua
2635 1454 2800 1515 'curn

843 1540 1273 1619 contumelia
1361 1538 1772 1637 persenserit
1815 1596 1837 1629 ‚
1929 1538 2332 1617 instaurent.
2437 1542 2556 1619 Ad
2637 1560 2802 1637 quae

842 1638 1295 1740 posteaquam
1349 1661 1487 1735 ego
1547 1636 1859 1712 modeste
1897 1638 2398 1735 respondissem
2425 1697 2447 1732 ‚
2496 1638 2574 1713 &
2603 1660 2802 1735 quan·

845 1758 1000 1811 tum
1047 1736 1341 1811 omnino
1396 1736 1554 1810 fieri
1593 1736 1824 1834 potuit
1863 1792 1886 1826 ,
1953 1738 2040 1811 ab
2089 1736 2474 1813 Ordinibus
2536 1742 2804 1834 culpam

838 1858 1130 1911 omnem
1180 1858 1550 1909 removere
1588 1892 1609 1926 ‚
1659 1854 2232 1933 commotumque
2261 1835 2622 1911 Austriaci·
2670 1833 2806 1907 ani-

786 1992 805 2016 t
842 1958 1041 2008 mum
1079 1958 1333 2033 pacare
1367 1954 1664 2007 conatus
1693 1932 1902 2009 effem
1929 1990 1950 2024 ,
1987 1934 2275 2011 tandem
2319 1936 2502 2032 apud
2539 1935 2610 2033 se
2643 1955 2805 2007 con-

839 2030 1110 2122 stituit,
1161 2056 1278 2105 me
1310 2032 1537 2105 rursus
1582 2032 1672 2107 ad
1723 2032 1880 2107 illos
1926 2032 2305 2124 mandare,
2360 2034 2616 2113 tradita
2666 2032 2806 2105 for-

838 2130 1029 2203 mula
1066 2129 1327 2226 aliquot
1359 2130 1678 2225 capitum
1713 2181 1736 2218 ‚
1788 2127 1868 2203 δε
1903 2129 2402 2207 conditionum
2429 2188 2451 2223 ‚
2500 2155 2668 2228 quas
2699 2129 2812 2203 de·

835 2227 1091 2302 clarari
1130 2226 1309 2325 ‘ipsis
1348 2283 1369 2317 ‚
1440 2225 1800 2301 observari
1847 2251 2118 2326 quoque
2177 2226 2258 2305 δε
2309 2230 2402 2303 ad
2451 2226 2816 2307 executio·

844 2351 1019 2403 nem
1062 2347 1228 2399 ante
1278 2324 1587 2400 reditum
1638 2326 1838 2400 suum
1890 2325 2148 2401 deduci
2207 2326 2554 2427 cupiebat.
2656 2324 2818 2437 Quo

844 2424 1186 2499 mandato
1241 2421 1658 2497 instructum
1716 2448 1830 2497 me
1889 2423 2226 2519 vigesima
2276 2423 2444 2523 Julii
2495 2422 2611 2497 die
2642 2418 2816 2496 m1hi

834 2524 1108 2614 natali,
1158 2522 1351 2620 quod
1402 2520 1796 2597 ominosum
1840 2521 2066 2613 duxi,
2127 2522 2246 2621 spe
2298 2525 2486 2602 bona
2536 2522 2814 2620 plenum

840 2627 935 2698 ab
998 2619 1068 2696 se
1130 2620 1432 2695 dimittit
1465 2678 1488 2712 ‚
1541 2619 1860 2718 exprefl'e
1917 2621 2287 2720 injungens
2321 2678 2344 2711 ‚
2413 2641 2492 2698 ut
2538 2621 2811 2718 respon·
2963 2631 2965 2720 l

846 2719 1000 2796 sum
1056 2717 1134 2793 &
1174 2719 1620 2793 summariam
1664 2718 2214 2795 declarationem
2263 2721 2608 2799 Ordinum
2637 2719 2815 2800 intra
2962 2725 2965 2808 l

836 2815 1101 2894 Martis
1149 2816 1349 2890 diem'
1380 2816 1786 2911 proximum
1841 2815 2139 2890 referam
2171 2875 2192 2908 ,
2259 2818 2448 2916 quod
2509 2838 2658 2890 erat
2729 2815 2812 2889 ad

844 2925 1028 3010 23ωιι
1077 2913 1388 3010 ejusdem
1418 2913 1692 2988 mensis,
1791 2917 2106 3010 Cumque
2151 2916 2303 3013 ejus
2349 2915 2662 2991 mandati
2707 2939 2807 2988 ra·

838 3011 1113 3085 tionem
1158 3008 1235 3086 <Sc
1283 3010 1701 3110 praescripti
1760 3011 2101 3107 temporis
2175 3012 2450 3088 causam
2482 3068 2502 3098 ,
2568 3011 2647 3087 ἃ
2697 3035 2811 3088 cur

840 3133 927 3185 ea
961 3109 1235 3184 reditus
1260 3108 1807 3207 praecipitantia
1843 3129 1990 3184 tam
2020 3110 2330 3206 praecise
2376 3109 2799 3207 praescribe-

838 3228 1034 3304 retur
1054 3263 1075 3299 ,
1126 3226 1295 3284 tunc
1342 3231 1488 3282 non
1525 3207 1964 3304 perciperem
1999 3265 2019 3298 ,
2067 3209 2295 3281 minus
2323 3210 2677 3284 maturavi
2713 3233 2806 3284 re·
2839 3297 2846 3304 ,

840 3307 1114 3397 ditum,
1168 3306 1309 3384 hoc
1354 3305 1540 3404 apud
1576 3329 1694 3380 me
1729 3306 2074 3395 statuenS,
2095 3331 2208 3380 me
2239 3307 2340 3382 sat
2374 3308 2562 3398 cito,
2595 3308 2798 3386 modo

834 3405 943 3480 sat
980 3407 1203 3495 bene,
1251 3404 1663 3482 instructum
1705 3405 2137 3496 rediturum,
2201 3406 2326 3488 sed·
2365 3406 2805 3503 occupandae

838 3504 1337 3582 Namurcensis
1385 3503 1568 3578 arcis
1625 3503 2036 3593 confilium,
2065 3504 2282 3602 'quod
2312 3524 2464 3579 tum
2505 3506 2807 3592 latebat,

840 3625 962 3676 me
1003 3601 1259 3676 fefellit
1299 3657 1319 3691 ,
1370 3600 1562 3698 quod
1607 3601 1656 3673 fi
1721 3601 2156 3696 praescissem
2195 3659 2215 3693 ,
2285 3622 2432 3679 tam
2478 3603 2808 3700 periculo·

834 3698 1394 3879 {und-confilium
1428 3697 1894 3796 impediturus
1928 3699 2118 3780 forte
2166 3700 2652 3800 tempestivius
2695 3699 2804 3776 ad·-

875 3821 943 3870 ιιι
1002 3820 1139 3874 ern.

930 3896 1152 3968 Erant
1194 3921 1373 3971 vero
1437 3897 1613 3968 haec
1661 3893 2168 3992 postulatorum
2220 3897 2572 3975 Austriaci
2637 3899 2802 3972 sum·

838 4017 957 4075 ma
983 3992 1259 4092 capita,
1281 3991 1452 4112 nulli
1482 3991 1634 4109 alii,
1661 3995 2163 4097 cujuscumque
2197 3997 2564 4098 dignitatis
2584 4053 2610 4093 ‚
2634 3994 2810 4106 ordi·

834 4143 855 4160 ι
987 4131 993 4137 >·
1196 4133 1207 4142 ·
2671 4117 2776 4172 ms
2793 4147 2816 4184 ,
