3017 5200
494 478 607 585 Jo.
660 482 1063 561 numne.
1117 504 1215 557 nr
1264 482 1461 560 011».
1518 480 1910 565 Bstcrcos.
2107 472 2210 584 ξι·

208 686 393 740 mea
442 660 917 737 admonitione
975 658 1501 733 offenderentur
1538 715 1559 749 ,
1625 678 1708 734 ut
1762 659 1955 737 enim
2015 660 2194 740 haec

212 766 422 839 nullo
478 763 851 837 verborum
888 757 1195 833 circuitu
1238 757 1546 832 dilucide
1588 782 1933 854 exp-onam
1973 820 1995 854 ,
2063 761 2197 837 sm-

217 886 401 936 cero
444 884 559 934 me
588 883 751 956 erga
782 858 1008 956 ipsos,
1064 859 1387 955 Remque
1422 857 1780 954 publicam
1803 858 2035 936 studio
2072 860 2198 935 ad-

216 960 436 1051 duci,
484 958 677 1055 cujus
732 960 839 1031 uti
896 955 1467 1054 prosperitatem,
1517 954 2208 1059 incolumitatemque

219 1059 656 1146 desiderem,
708 1057 811 1129 ita
854 1056 928 1129 in
967 1053 1223 1153 ‘primis
1271 1052 1644 1129 sollicitum
1683 1078 1798 1127 me
1845 1056 1980 1131 effe
2017 1116 2039 1150 ,
2105 1083 2200 1133 ne
2263 1076 2266 1084 '

222 1157 390 1248 illa,
440 1156 489 1231 fi
522 1156 785 1230 bellum
832 1154 1153 1251 ingruat,
1205 1152 1541 1225 confusae
1586 1154 2201 1233 administrationis

222 1259 415 1331 malo
453 1254 857 1353 promiscua
904 1252 1108 1325 ruina
1154 1270 1441 1348 tamque
1488 1252 1876 1326 inundante
1943 1258 2200 1353 pelago
2277 1256 2288 1265 ’

220 1355 601 1429 misceatur
637 1408 661 1445 ,
729 1352 1289 1445 involvaturque.
1404 1350 1540 1423 Me
1588 1350 1874 1447 quidem
1923 1356 2013 1427 ad
2057 1354 2210 1429 evi-

220 1453 702 1527 dentiflimum
726 1450 1109 1549 periculum
1123 1446 1722 1545 praepediendum
1754 1452 2014 1525 nullum
2045 1453 2090 1525 s
2079 1440 2203 1529 ub*-

217 1550 589 1651 terfugiss'e
623 1552 980 1637 laborem3
1027 1568 1255 1645 neque
1286 1570 1431 1624 non
1462 1546 1788 1621 lubenter
1833 1573 1947 1622 me
1979 1552 2206 1649 requi-

220 1650 542 1724 rentibus
606 1647 685 1723 &
750 1646 1235 1745 flagitantibus
1280 1642 1436 1741 ipfis
1466 1700 1487 1735 ‚
1566 1645 1780 1719 toties
1830 1649 1978 1745 jam
2037 1674 2204 1725 meo

219 1748 512 1845 sumptu
555 1745 1033 1845 profefflones
1072 1740 1475 1839 suscepiffe‚
1531 1766 1790 1839 cupere
1842 1747 2198 1822 nihilomi-

104 1918 121 1927 ,
222 1871 361 1921 nus
398 1847 476 1919 in
511 1845 863 1942 posterum
904 1846 993 1917 ab
1032 1842 1178 1917 hoc
1212 1864 1427 1915 onere
1458 1842 1809 1920 excusari:
1865 1845 1959 1920 fic
2005 1846 2202 1922 enim

222 1970 354 2019 me
390 1968 432 2018 a
466 1944 696 2019 reditu
739 1966 901 2019 meo
940 1940 1373 2038 postremum
1424 1940 1832 2034 Namurco,
1886 1968 2046 2019 cum
2081 1968 2202 2021 ex-

224 2043 536 2143 petitam
552 2042 738 2115 illam
763 2042 921 2115 suae
935 2038 1342 2115 serenitatis
1368 2037 1784 2119 sententiam
1817 2042 2214 2137 adferrem,
2335 2034 2340 2037 ¹

222 2160 621 2243 pro‚porta
648 2138 1072 2215 Bruxellenfi
1116 2162 1157 2213 a
1188 2136 1464 2213 civibus
1502 2138 2035 2217 excubitoribus
2083 2166 2200 2219 ac-

228 2258 515 2338 ceptum
536 2295 557 2329 ,
608 2252 691 2312 u't
734 2260 878 2312 non
908 2238 1159 2335 poffim
1202 2236 1279 2310 id
1312 2260 1459 2312 non
1505 2260 1721 2333 aegre
1749 2238 1956 2317 ferre.
2042 2246 2199 2317 Vo-

229 2337 428 2415 luiffe
472 2337 641 2426 hos,
688 2334 1031 2435 resignata
1067 2334 1417 2429 viatoria,
1464 2333 1873 2429 sarcinulas,
1909 2339 2202 2415 codicil·
2301 2403 2304 2405 ,

230 2439 371 2526 los,
422 2433 500 2513 &
533 2434 833 2533 reliquas
877 2434 1388 2519 measchartas
1429 2431 1553 2507 seu
1593 2435 1859 2521 tabulas
1909 2460 2200 2511 excute-

228 2562 310 2613 re
330 2593 352 2628 ‚
398 2554 605 2636 atque
638 2532 728 2609 ad
775 2534 966 2608 hunc
1010 2532 1223 2606 finem
1236 2587 1268 2628 ,
1320 2530 1544 2606 veluti
1577 2530 1938 2626 captivum
1967 2559 2084 2608 me
2131 2537 2209 2616 in

234 2636 550 2736 proprias
586 2633 797 2710 aedes
844 2629 1223 2706 abduEtum
1242 2687 1265 2722 ,
1318 2631 1905 2730 observatumque
1951 2634 2202 2728 fuisse,

228 2738 458 2812 donec
490 2733 591 2809 illi
641 2729 957 2830 Lalangii
998 2728 1077 2804 &
1118 2727 1407 2806 Bosfutii
1462 2728 1823 2805 Comitum
1857 2791 1878 2826 ,
1943 2753 2096 2809 tum
2127 2735 2210 2814 δε

229 2835 649 2932 reliquorum
668 2831 1021 2908 Ordinum
1055 2829 1388 2906 mandato
1398 2827 1556 2928 juffi
1585 2828 1721 2905 fint
1743 2887 1765 2922 ‚
1789 2856 1905 2907 me
1923 2834 2208 2912 dimifl'o

230 2935 324 3012 ad
356 2933 475 3008 sua
500 2931 751 3006 redire.
1342 2945 1359 2952 ·

324 3033 499 3108 Non
542 3055 699 3104 raro
727 3029 805 3104 id
834 3027 959 3104 usu
1002 3027 1252 3104 venire
1280 3025 1491 3118 solet,
1540 3048 1620 3104 ut
1659 3054 1798 3128 quo
1829 3031 1980 3130 plus
2017 3035 2214 3108 labo-

231 3132 329 3208 ris
385 3129 465 3206 &
514 3153 765 3226 operae
814 3127 1285 3226 Reipublicae
1348 3128 1778 3224 impenderis
1812 3186 1834 3220 ‚
1913 3131 2212 3230 plebejis

235 3232 385 3306 hoc
448 3225 1051 3304 criminationibus
1122 3225 1201 3302 ὅ(
1255 3226 1571 3300 offensae
1620 3227 1968 3302 obnoxior
2051 3229 2134 3304 fis
2178 3286 2203 3322 ‚

98 3395 118 3402 -
232 3327 429 3429 quod
492 3351 654 3402 cum
686 3325 882 3400 mihi
930 3321 1259 3407 accidere
1308 3325 1627 3400 viderem
1667 3381 1688 3417 ,
1759 3325 1875 3424 qui
1941 3329 2212 3406 nullum

236 3428 573 3505 hastenus
603 3425 987 3524 periculum
1023 3426 1138 3498 vel
1186 3423 1544 3525 sumptum
1574 3425 1646 3498 in
1676 3426 1960 3524 publica
2005 3429 2208 3504 causa

237 3525 712 3616 recusaffem3
778 3523 856 3599 ἆ
912 3523 1099 3603 hanc
1154 3524 1328 3600 mihi
1379 3523 1677 3624 'gratiam
1734 3527 1981 3600 referri
2026 3584 2048 3617 ‚
2127 3547 2208 3602 ut

290 3646 523 3726 ropter
557 3623 1345 3701 afliduitatem‘astionis
1406 3647 1632 3721 paene
1659 3624 1805 3722 jam
1841 3628 2024 3723 apud
2057 3628 2209 3724 ple·

240 3649 408 3800 bem
448 3725 525 3801 in
580 3722 1043 3822 suspicionem
1086 3721 1453 3815 venirem,
1504 3721 1993 3798 abstinendum
2029 3725 2208 3819 mihi

247 3823 579 3922 deinceps
606 3823 979 3898 censebam
1002 3879 1023 3914 ,
1042 3822 1143 3895 ita
1162 3847 1438 3922 quoque
1470 3821 1911 3897 suadentibus
1926 3823 2002 3899 ὅ(
2037 3826 2209 3900 hor-

244 3920 555 3998 tantibus
610 3923 880 3996 Amicis
915 3978 935 4011 ,
1005 3921 1265 4019 scripto
1312 3921 1604 4020 interim
1653 3945 1942 4022 operam
1974 3948 2210 4002 meam

236 4045 448 4124 quam
477 4023 841 4122 praeclare
867 4017 1203 4099 offerens.
2077 4054 2216 4199 Ast
