3017 5200
595 532 1195 648 ,Dutqcvus
1297 552 1815 613 nazaraea«
2076 558 2216 648 237

258 712 368 791 tais
419 711 724 811 postulat.
823 710 959 783 'Eo
1039 734 1216 785 vero
1253 803 1257 811 ι
1313 709 1648 795 levIorem
1730 712 1804 788 in
1866 714 2219 789 erroribus

265 813 650 889 nostrorum
734 808 1006 903 culpam
1083 807 1463 905 agnoscere
1551 806 1732 907 ipsos
1815 830 2211 907 oporteret:

261 910 584 1013 quoniam
633 905 709 981 &
761 906 924 979 illud
988 929 1127 979 non
1187 905 1515 1003 ignorant
1551 963 1572 995 ‚
1621 930 1763 979 non
1824 932 2085 1005 paucos
2129 930 2219 985 ex

268 1008 616 1095 Patribus,
637 1028 808 1105 quos
842 1002 963 1099 ipsi
995 1002 1355 1085 nobiscum
1375 1061 1396 1094 ,
1422 1004 1642 1079 veluti
1680 1007 2051 1103 praecipua
2078 1010 2215 1083 Ecs-

269 1104 508 1181 clcfiae
553 1098 855 1198 lumina,
893 1121 1312 1175 venerantur
1338 1104 1463 1191 ‚ab
1499 1102 1673 1187 illis.
1706 1127 1875 1199 quos
1904 1102 1974 1177 in
2015 1105 2243 1187 nobis.

188 1238 194 1242 ·
265 1200 690 1277 detestantur
715 1254 736 1288 ‚
761 1198 1106 1275 erroribus
1144 1222 1296 1271 non.
1321 1196 1527 1275 fuiffe
1561 1196 1818 1273 alienos
1839 1197 1875 1275 ε’
1909 1200 2219 1297 quicum-

163 1353 168 1362 ·
259 1325 393 1399 que
434 1300 626 1371 enim
677 1318 982 1371 errantes
1036 1297 1268 1370 Patres
1309 1298 1682 1371 absolvunt
1716 1353 1737 1386 ‚
1789 1299 1977 1373 nullo
2024 1319 2221 1399 certe

252 1401 409 1496 jure
497 1396 752 1470 osteros
769 1420 1034 1483 eorum,
1070 1415 1340 1497 tantam
1355 1394 1655 1484 secutos,
1679 1392 2042 1493 &quidem
2058 1398 2215 1495 post

262 1515 371 1571 tot
417 1424 648 1569 {cula
674 1551 695 1585 ,
751 1494 1289 1583 authoritatem,
1332 1494 1665 1567 damnare
1698 1494 2216 1590 permittuntur.

261 1594 380 1669 Ad
421 1594 601 1666 haec
631 1590 1016 1664 meminisse
1051 1592 1310 1665 debent
1333 1648 1352 1682 ,
1387 1590 1457 1664 se
1504 1615 1779 1689 quoque
1825 1592 2026 1667 nobis
2059 1593 2214 1691 qui-

260 1688 559 1767 busdam
621 1690 756 1763 suis
797 1687 996 1763 factis
1043 1690 1391 1788 ejusmodi
1455 1691 1796 1787 praebere
1860 1689 2219 1788 scandala,
2252 1701 2257 1709 ’

259 1810 384 1873 ut,
427 1812 651 1887 neque
684 1786 964 1881 mirari,
1003 1812 1228 1887 neque
1257 1784 1659 1861 succensere
1683 1786 1927 1879 ,nobis
1966 1788 2219 1865 merito

259 1907 522 1988 queant
542 1944 562 1976 ,
583 1910 710 1959 nos
735 1943 756 1975 ,
775 1909 814 1957 a
850 1885 1163 1959 doetrina
1188 1886 1489 1983 ipsorum
1524 1906 1811 1982 propter
1842 1887 2018 1960 haec
2046 1912 2218 1985 quo-

257 2007 398 2083 que
429 1983 805 2073 alienatos,
843 1982 918 2056 in
957 1984 1214 2057 veteris
1243 1984 1588 2058 Ecclesiae
1626 1984 1769 2059 fide
1818 1984 2219 2081 persevera-

257 2104 357 2155 re.
414 2084 818 2178 Proponant
853 2082 1042 2154 enim
1071 2080 1199 2153 fibi
1221 2082 1508 2177 ,quaeso
1531 2137 1552 2168 ,
1580 2100 1748 2155 ante
1782 2083 2065 2174 οσιιίοε,
2102 2100 2219 2181 οῐῑοιζ

249 2178 634 2267 sectarum,
667 2178 739 2251 in
772 2202 936 2273 quas
979 2174 1239 2252 diffeffi
1280 2178 1435 2251 sunt
1458 2235 1479 2268 ,
1509 2178 1629 2273 qui
1652 2180 2048 2253 Romanam
2083 2180 2219 2255 Ec·-

257 2277 456 2351 clefia
477 2300 547 2347 m
583 2274 1005 2371 reliquerunt
1030 2330 1051 2362 ‚
1097 2268 1669 2363 multitudinem,
1722 2274 1798 2351 ἃ
1833 2270 2070 2351 mirari
2098 2278 2219 2353 de-

249 2375 523 2465 sinent,
550 2372 597 2447 fi
631 2372 948 2468 plurimis
986 2371 1294 2445 nostrum
1343 2393 1482 2445 non
1532 2372 2015 2467 persuadeatur
2032 2429 2059 2463 ,-
2081 2373 2217 2472 spi·-

260 2473 480 2545 ritum
534 2472 726 2546 illum
775 2469 1056 2543 unitatis
1105 2468 1182 2543 <Sc
1286 2468 1427 2543 acis
1472 2493 1617 2556 non
1664 2468 1799 2544 efl'e
1847 2470 2049 2569 hujus
2095 2472 2217 2545 de·-

261 2566 591 2646 fefflonis
632 2567 1210 2666 auctorem3prae
1243 2568 1446 2642 crtim
1469 2626 1488 2658 ,
1510 2590 1675 2668 cum
1712 2566 1789 2644 &
1836 2568 1971 2642 hoc
2004 2568 2225 2646 etiam

263 2668 847 2767 impedimentum
887 2722 909 2756 ,
963 2666 1264 2740 nostram
1307 2667 1689 2741 Ecclesiam
1738 2667 2053 2742 deserere
2098 2694 2219 2746 cu-

265 2768 624 2864 pientibus
658 2820 680 2855 ‚
743 2765 921 2840 haec
966 2765 1460 2862 sententiarum
1499 2767 1879 2841 multitudo
1928 2766 2223 2861 afferat,
2342 2794 2349 2803 “

266 2885 384 2956 ut,
418 2867 540 2942 vel
589 2885 854 2937 temere
889 2888 1098 2938 unam
1123 2887 1214 2941 ex
1258 2863 1386 2938 illis
1433 2867 1828 2962 approbare
1861 2922 1884 2956 ,
1932 2868 2045 2939 vel
2093 2869 2227 2944 fin·

269 2967 454 3059 gulas
507 2960 807 3046 seorsum
857 2964 1303 3051 examinare,
1353 2987 1595 3038 omnes
1632 2966 2223 3062 cogantur3quod

273 3082 461 3135 certe
492 3057 694 3158 supra
716 3060 963 3156 populi
997 3083 1285 3158 captum
1313 3059 1614 3157 politum
1635 3061 1770 3134 effe
1802 3118 1823 3151 ,
1843 3085 2053 3136 nemo
2095 3064 2225 3155 est,

269 3158 385 3260 qui
423 3184 564 3232 non
609 3157 976 3256 intelligat.
1094 3161 1493 3257 Proponant
1530 3179 1897 3258 praeterea
1936 3155 2062 3234 fibi
2111 3180 2225 3234 tot

273 3245 806 3344 conviciorum,
856 3254 933 3330 ἀ
974 3275 1078 3332 tot
1110 3256 1491 3333 scurrilium
1540 3257 1999 3332 scommatum-
2030 3260 2223 3358 plau·

209 3377 216 3388 ¹
269 3351 451 3440 stra,
503 3353 746 3450 quibus
779 3355 1338 3452 coryphaeorum
1381 3351 1689 3450 ipsorum
1718 3353 1880 3428 libri
1914 3354 2227 3450 scatent,

271 3449 351 3525 ἀ
384 3452 611 3524 minus
646 3451 858 3524 etiam
900 3451 1447 3550 indignabuntur
1469 3509 1494 3543 ,
1536 3453 1951 3550 quibusdam
1984 3479 2231 3553 parum

223 3569 236 3584 ·
275 3549 612 3624 credibile
654 3548 918 3641 videri,
974 3575 1103 3648 per
1139 3551 1309 3626 tales
1343 3549 1719 3646 Apostolos
1747 3608 1770 3641 ,
1819 3555 2091 3628 tametfi
2117 3557 2227 3630 ni·-

276 3643 372 3719 hil
403 3647 590 3722 aliud
624 3648 698 3722 in
729 3647 876 3720 vita
923 3649 1225 3745 ipsorum
1267 3649 1471 3746 poffit
1495 3650 1955 3748 reprehendi,
2007 3652 2229 3752 sepul-

277 3758 414 3816 tam
459 3767 569 3820 tot
616 3745 860 3850 seculis
898 3747 1264 3845 Euangelii
1305 3750 1535 3822 lucem
1580 3747 1735 3823 orbi
1778 3747 1985 3824 fuiffe
2031 3751 2229 3827 resti-

277 3856 514 3916 tutam.
612 3839 768 3942 Jam
809 3867 979 3918 vero
1014 3847 1318 3946 iniquam
1365 3845 1553 3919 illam
1594 3867 1805 3946 atque
1851 3850 2046 3924 omni
2070 3849 2231 3956 jure⁶

277 3956 624 4050 carentem
655 3941 1091 4024 confiderent
1130 3943 1573 4053 sacerdotum
1614 3943 1691 4025 dc
1719 3948 2233 4062 monachorum

2158 4039 2249 4128 m.
