3017 5200
1003 420 2417 535 'DEDICATIQ

735 622 1242 739 plerumque
1335 646 1617 716 manet
1694 626 1939 717 scena
1984 692 2013 731 ,
2114 635 2237 721 in'
2279 637 2727 749 splendido

739 740 918 829 hoc·
977 738 1486 851 dignitatum
1546 743 1885 829 theatro
1950 746 2194 859 pofiti
2244 752 2351 835 ad
2435 755 2725 845 lauda-

737 850 934 938 bilia
995 852 1519 941 Proavorum
1588 860 1969 971 exempla
2000 920 2027 959 ,
2100 888 2465 975 quorum
2536 873 2723 981 glo-

739 967 912 1059 riae
957 963 1376 1053 hereditas
1417 968 1505 1057 86
1554 967 1967 1062 fastorum
2014 978 2377 1065 imitatio
2410 982 2537 1087 &ad
2574 1010 2725 1073 eos

745 1082 1114 1190 pertinet
1159 1138 1187 1179 ,
1253 1082 1338 1167 se
1411 1109 1899 1195 conponere
1936 1146 1965 1188 ,
2071 1088 2159 1175 &
2228 1094 2327 1177 in
2381 1094 2723 1193 illorum

735 1218 869 1281 res
933 1192 1251 1303 gestaS,
1345 1216 1771 1309 tamquam
1822 1204 1909 1291 in
1958 1204 2477 1314 perlucidam
2535 1208 2720 1323 spe-

739 1306 908 1397 culi
957 1334 1131 1393 non
1179 1308 1498 1411 fallacis
1541 1316 2041 1423 imaginem,
2126 1320 2499 1428 intueri,
2590 1346 2717 1411 at-

739 1448 906 1533 que
969 1426 1054 1505 in
1120 1420 1674 1509 defendendis
1724 1430 1811 1511 cic
1864 1428 2344 1533 adserendis
2408 1441 2715 1549 pigno-

735 1532 966 1619 ribus
1035 1532 1162 1619 his
1235 1538 1833 1629 intemerandis
1900 1546 2123 1629 viros
2188 1545 2272 1633 se
2346 1574 2647 1661 gerere
2682 1612 2712 1654 ,

733 1645 820 1729 &
915 1646 1270 1732 mascule
1351 1676 1535 1749 rem
1623 1680 1872 1765 agere
1962 1660 2315 1747 valeant.
2452 1664 2703 1756 Haec
2836 1675 2847 1689 '

601 1772 618 1789 “
731 1760 944 1857 sola,
999 1759 1146 1845 nifi
1203 1758 1492 1865 fallor,
1550 1767 1819 1855 cauffa
1876 1770 2053 1871 est,
2127 1800 2277 1871 cur
2334 1780 2706 1889 praecla-

737 1900 876 1957 rus
918 1876 1054 1967 ille
1091 1872 1341 1959 Vitae
1386 1874 1867 1969 Gulielmil
1922 1882 2346 1997 Scriptor,
2386 1891 2473 1986 in
2518 1895 2701 1979 exi-

731 1990 881 2073 mii
959 1987 1262 2099 Operis·
1341 1988 1872 2091 Praefatione
1920 2055 1949 2097 ,
2038 2023 2211 2086 non
2302 2005 2705 2099 inmerito

731 2126 1157 2213 queratur,
1213 2102 1299 2186 &
1364 2100 1545 2189 fere
1614 2108 2101 2219 indignetur
2138 2171 2167 2210 ‚
2249 2118 2340 2201 in
2404 2119 2700 2227 pleris-

729 2240 896 2327 que
963 2214 1234 2328 Belgii
1297 2216 1557 2303 nostri
1618 2220 2101 2309 Academiis
2172 2250 2344 2311 non
2425 2228 2701 2340 fingu-

725 2332 936 2415 lares
983 2330 1294 2415 electos
1351 2330 1513 2415 effe
1568 2324 2083 2434 Profeffores
2116 2396 2143 2433 ,
2210 2342 2364 2450 qui
2400 2337 2699 2448 juven-

725 2448 886 2537 tuti
923 2448 1380 2557 ingenuae,
1431 2442 1516 2527 &
1568 2446 1656 2531 in
1703 2444 2253 2559 Reipublicae
2295 2454 2501 2542 olim
2548 2480 2695 2565 ge·-

725 2560 1040 2646 rendae
1117 2560 1349 2672 spem
1443 2560 1922 2664 crescenti,
2024 2584 2269 2652 antea
2346 2569 2697 2681 quidem

726 2671 1155 2768 Historiae
1208 2676 1550 2757 Atticae
1602 2677 1689 2756 &
1728 2679 2167 2760 Romanae
2214 2686 2513 2770 notitia
2564 2686 2699 2770 in-

722 2779 973 2872 butae
1011 2841 1036 2878 ,
1112 2781 1439 2886 Patriae
1493 2799 1794 2880 ,tamen
1870 2783 2061 2868 suae
2106 2787 2273 2870 fata
2322 2820 2497 2878 non
2540 2799 2711 2890 mis

721 2909 877 2982 nus
961 2892 1296 2980 illustria
1333 2951 1360 2992 ,
1441 2892 1625 3002 jura
1672 2953 1697 2992 ,
1800 2895 2449 2994 eonsuetudines
2520 2903 2727 3014 pri-‘

722 3011 948 3108 scas,
1032 3012 1625 3120 antiquitates,
1704 3007 2077 3112 Decreta
2140 3009 2259 3102 δε,
2304 3011 2693 3104 Senatus-

605 3110 662 3186 ·'
725 3126 1142 3224 consulta,
1214 3121 1749 3236 Vrbiumque
1816 3125 2259 3236 'privilegia
2302 3187 2327 3226 ,
2420 3131 2698 3218 fideli.

727 3263 859 3326 ter
911 3257 1336 3350 exponant
1401 3237 1487 3322 &
1556 3247 2029 3336 enarrent3·
2070 3239 2693 3357 adfirmatque,

724 3353 922 3438 huic
999 3358 1150 3439 soli
1231 3347 1649 3464 neglectui
1720 3353 1857 3436 vel
1940 3354 2335 3465 perverso
2414 3360 2691 3469 gustui

491 3490 495 3498 ·
579 3537 592 3574 ,
720 3467 1362 3572 adscribendum
1417 3463 1577 3556 effe
1612 3526 1637 3563 ,
1708 3466 1943 3577 quod
1995 3495 2169 3553 non
2222 3473 2500 3582 plures
2538 3471 2686 3566 sed

721 3609 1078 3672 numero
1133 3586 1489 3670 rariores
1537 3581 2063 3676 inveniantur
2103 3587 2325 3668 inter
2370 3587 2687 3672 Proce-

716 3723 850 3792 res
887 3697 1104 3806 ipsos
1147 3697 1230 3780 &
1267 3696 1733 3780 Civitatum
1758 3695 2337 3807 Magistratus,
2368 3702 2513 3811 qui
2550 3699 2687 3789 vel

713 3810 1101 3918 perlectis
1156 3809 1545 3904 Bataviae
1592 3809 2051 3894 Annalibus
2088 3871 2115 3908 ,
2182 3814 2319 3906 vel
2352 3871 2377 3910 ,
2452 3811 2689 3929 quod

711 3951 950 4032 aures
990 3927 1474 4036 animosque
1513 3926 1773 4035 magis
1804 3943 2135 4020 movet,
2189 3928 2459 4034 gentis
2494 3925 2688 4020 suae

649 4075 655 4079 ·
703 4035 1064 4133 historiis
1090 4041 1280 4147 xiva
1327 4038 1414 4125 &
1453 4065 1653 4131 vera
1675 4039 2059 4134 docentis
2084 4065 2317 4134 voce,
2342 4041 2688 4154 auditis,

2442 4181 2687 4244 num-
