3017 5200
1620 492 2077 603 ‚(-258)

889 696 1010 767 Me
1053 689 1346 761 miserum
1387 704 1589 773 nuper
1622 686 1901 756 violenti
1938 686 2201 751 vulnere
2230 686 2437 757 tristes

961 801 1378 883 Praecipitem
1407 798 1472 861 in
1500 792 1813 859 thalamos
1840 794 2117 877 impetus
2153 792 2265 857 ille
2310 795 2507 862 dedit.
2644 784 2661 792 ’

882 924 1208 1003 Saevaque
1236 911 1591 981 contractas
1619 908 1916 993 populata
1946 906 2041 973 est
2086 906 2339 974 flamma
2372 913 2716 1001 medullas,
2854 960 2863 970 ·

967 1033 1129 1119 Qua,
1155 1046 1285 1093 non
1321 1023 1604 1093 deterior
1646 1019 1847 1086 dicier
1885 1020 2013 1084 ulla
2052 1019 2281 1103 potest.

879 1140 1138 1231 Ignibus
1167 1132 1525 1202 immiscens
1566 1148 1725 1216 quae
1754 1129 2002 1193 incerto
2032 1128 2285 1193 turbine
2322 1126 2549 1215 frigus,

965 1232 1255 1323 Alterno'
1286 1238 1563 1317 titubatis
1599 1246 1783 1327 itque
1832 1244 2118 1326 reditque
2166 1242 2290 1305 die.

879 1358 1144 1443 Jamque
1175 1373 1396 1439 parans
1428 1350 1667 1415 abitum
1698 1344 2027 1411 consuetas
2066 1344 2335 1429 negligit
2372 1342 2591 1426 horas,

961 1466 1084 1532 Sed
1121 1462 1367 1531 levibus
1399 1459 1596 1527 cautis
1631 1477 1787 1523 mox
1831 1474 2127 1523 revocata
2154 1457 2342 1523 redit.

881 1572 1064 1640 Hinc
1089 1589 1212 1654 ego
1247 1566 1559 1635 Paeoniae
1578 1565 1771 1647 ,jaceo
1814 1564 1977 1629 male
2013 1560 2297 1629 subditus
2336 1565 2503 1641 arti,

851 1744 860 1755 .
965 1680 1099 1749 Hei
1133 1678 1338 1746 miseri
1371 1677 1597 1763 quibus
1630 1674 1759 1744 hoc
1788 1673 1925 1759 vita
1958 1670 2185 1737 tuenda
2218 1670 2409 1735 modo
2444 1670 2577 1737 est!

875 1796 1216 1863 Pharmaca
1257 1806 1428 1857 nunc
1457 1802 1683 1863 taceo,
1726 1783 1791 1848 δε
1817 1779 2083 1864 pilarum
2122 1780 2301 1845 mille
2330 1777 2553 1864 figuras
2572 1826 2603 1862 ,

965 1903 1280 1994 Quaeque
1303 1896 1687 1983 importunis
1718 1890 1879 1959 stant
1910 1890 2163 1959 aconita
2196 1891 2389 1960 cadis.

871 2004 1005 2081 vix
1041 2014 1286 2096 possum
1317 2008 1587 2077 Medico
1616 2004 1731 2077 nifi
1772 2001 2159 2087 praelibante
2186 2001 2413 2069 severo

959 2116 1183 2184 Diluta
1225 2132 1312 2179 ex
1349 2112 1569 2195 tepido
1602 2108 1819 2191 sugere
1852 2108 1999 2173 vina
2036 2108 2307 2191 scypho.

871 2223 964 2291 Et
999 2224 1130 2315 nisp
1155 2220 1513 2309 depositum
1548 2216 1782 2304 quadra
1821 2216 1979 2283 licet
2014 2212 2140 2281 esse
2172 2231 2433 2293 notata,

955 2328 1195 2414 Estqoe
1233 2342 1486 2393 manum
1518 2324 1585 2391 in
1624 2322 1867 2407 patinas
1910 2320 2233 2387 inseruisse
2274 2317 2479 2389 nefas.

725 2453 735 2471 ¹
873 2434 1146 2502 Scilicet
1181 2431 1298 2502 ista
1339 2432 1545 2499 solent
1578 2448 1811 2515 pueros
1852 2445 2122 2507 vexare,
2162 2427 2425 2497 ferenda

955 2542 1140 2634 Quae
1169 2540 1324 2615 mihi
1355 2539 1500 2610 sunt
1540 2538 1719 2606 vieto
1746 2532 2057 2622 per'mala
2103 2532 2239 2602 fata
2270 2538 2437 2608 viro·

867 2647 1047 2714 Vivo
1073 2664 1280 2713 tamen
1300 2695 1326 2728 ,
1361 2661 1613 2716 mecum
1648 2645 1711 2710 ὅτ
1742 2644 1965 2721 melius
1997 2661 2133 2710 mea
2168 2635 2643 2738 Pontia'vivit,

955 2756 1168 2850 Quam
1205 2757 1362 2824 mihi
1399 2768 1715 2838 perpetuo
1738 2752 2001 2822 foedere
2037 2756 2253 2838 junxit
2288 2759 2579 2846 Hymen.

867 2861 987 2934 lua
1033 2859 1189 2926 licet
1225 2857 1504 2926 nostrum
1551 2857 1903 2944 queritetur
1932 2859 2160 2944 pallida
2200 2853 2529 2948 mor-bum,

961 2961 1034 3030 In
1064 2962 1262 3028 viduo
1303 2963 1633 3048 postquam
1668 2961 1762 3030 est
1794 2962 1927 3031 sola
1962 2967 2176 3032 relicta
2212 2969 2434 3044 thoro:

871 3067 961 3134 Et
1002 3065 1222 3133 melius
1252 3084 1613 3150 quanquam
1659 3068 1865 3133 valeat
1894 3089 2036 3151 me,
2078 3073 2609 3146 blandasusurrat

945 3179 1065 3246 Me
1102 3176 1284 3244 falvo
1313 3178 1539 3245 melius
1586 3177 1760 3262 poss‘e
1810 3183 2026 3254 valere
2072 3203 2301 3257 tamen.

866 3289 934 3356 Si
976 3306 1106 3355 non
1142 3289 1322 3368 tarda
1373 3289 1575 3358 fluant
1611 3291 1984 3364 inamoenae
2014 3319 2301 3390 tempora
2330 3310 2581 3394 noctis,

949 3404 1208 3490 Simque
1233 3421 1355 3488 ego
1388 3417 1737 3507 perpetuus
1773 3407 1963 3474 nocte
2004 3411 2237 3496 dieque
2260 3437 2505 3489 comes.

863 3505 1118 3595 Nempe
1155 3510 1524 3582 Machaonii
1553 3513 1741 3582 nimis
1782 3515 1913 3587 hoc
1954 3539 2219 3596 vetuere
2248 3531 2525 3617 magistri
2540 3585 2573 3618 ,

939 3614 1166 3681 Turba
1210 3617 1519 3692 Dionaeis
1562 3619 1871 3692 invidiosa
1915 3629 2107 3712 iocis.
2168 3655 2176 3665 ·
2254 3659 2265 3672 ‘

851 3724 977 3796 Sed
1008 3727 1130 3838 iam
1161 3731 1362 3815 prima
1387 3729 1657 3799 aderunt
1688 3715 1946 3806 resoluti
1990 3757 2269 3832 tempora
2304 3757 2480 3824 veris

941 3821 1202 3922 Quique
1239 3835 1383 3921 piae
1415 3835 1640 3912 matris
1678 3839 1939 3912 nomina
1978 3849 2203 3926 meniis
2233 3854 2459 3930 habet.
2491 3807 2521 3846 ’

2710 3947 2831 4020 me
