3017 5200
599 446 1202 537 Dritocus
1305 482 1438 535 nn
1538 472 1899 543 facts
2050 473 2210 565 '1¹83

207 638 492 737 ,quique
523 652 666 711 non
701 638 1055 714 interdum
1081 638 1305 735 aliqua
1327 692 1348 725 ,
1382 656 1527 719 tarn
1574 662 1615 711 a
1666 640 1799 715 suis
1831 696 1851 730 ,
1872 664 2074 739 quam
2110 646 2198 717 ab

217 736 503 825 alienis,
521 735 782 810 invitus
809 738 996 811 ferre
1027 756 1350 834 cogatur.
1404 740 1460 809 F
1461 740 1717 811 ortaflis
1742 741 1837 813 ita
1850 741 2195 839 placitum

218 834 338 909 est
371 836 532 909 Deo
577 838 746 933 opt,
769 840 970 913 Max,
997 894 1016 927 ‚
1051 858 1169 926 ut,
1198 835 1418 911 solurn
1452 836 1474 909 i
1533 836 1663 909 sius
1695 841 2063 913 brachium
2100 840 2196 914 ad
2230 834 2236 847 ’

215 934 520 1021 omnia,
593 958 770 1030 quae
832 938 983 1007 vult
1049 936 1123 1009 in
1194 936 1394 1007 coelo
1459 860 1541 1008 (ξ
1598 954 1778 1009 terra
1824 938 2190 1026 facienda,

219 1052 483 1130 potens
526 1031 665 1105 ess‘e
705 1033 1164 1131 agnoscentes
1197 1088 1220 1122 ,
1269 1056 1438 1113 non,
1474 1034 1686 1107 nimis
1736 1061 2057 1133 magnam
2104 1039 2190 1111 fi-

213 1131 508 1206 duciam
558 1131 633 1203 in
683 1131 1260 1206 nostris'viribus
1299 1134 1748 1209 collocemus,
1852 1136 2027 1209 Cum
2064 1160 2189 1209 ve-

207 1254 297 1303 ro
331 1231 485 1325 jam
529 1230 699 1302 olim
739 1231 1056 1305 Domino
1101 1231 1448 1328 placuerit
1481 1288 1500 1320 ,
1550 1252 1743 1305 tuam
1783 1230 1857 1305 &e
1902 1236 2199 1308 aliorum

204 1328 854 1424 ,potentissimorum
919 1324 1322 1426 Principum
1400 1330 1813 1426 modestiam
1884 1332 1961 1405 ἃ
2022 1337 2195 1405 obe·-

204 1426 566 1501 -dientiam
613 1429 757 1501 hoc
807 1428 1246 1501 adverfitatis
1307 1450 1955 1525 genereaexercere
1984 1487 2005 1518 ,
2060 1432 2191 1503 mi-

205 1546 344 1598 nus
398 1550 624 1623 grave
689 1526 915 1601 videri
987 1526 1120 1599 tibi
1185 1526 1446 1616 debet,
1501 1550 1657 1600 eam
1692 1528 2196 1629 ‘'hoc'quoque

206 1640 546 1721 tempore
599 1625 948 1699 declarare
995 1650 1080 1699 ac
1109 1627 1269 1699 Deo
1313 1629 1633 1722 probare.
1734 1626 1939 1700 Nihil
1976 1632 2197 1726 magis

181 1722 454 1797 ‘Pietas
489 1744 650 1815 tua,
662 1726 808 1822 J‘am
841 1724 1012 1797 inde
1047 1748 1088 1797 a
1135 1722 1464 1821 susceptis
1507 1745 1614 1799 tot
1649 1725 2034 1821 regnorum
2060 1754 2193 1825 gu-

206 1822 652 1912 bernaculis,
718 1822 1015 1919 optafl'et
1053 1878 1073 1909 ‚
1124 1847 1330 1921 quam
1413 1840 1490 1896 ut
1558 1824 1804 1897 eadem
1846 1824 2195 1900 felicitate

158 1982 163 1991 .
211 1920 635 1993 Catholicae
694 1919 1084 2032 Religionis
1140 1922 1519 2017 puritatem
1554 1978 1579 2014 ,
1628 1924 1705 1996 in
1758 1922 1867 1995 his
1916 1948 2195 2022 quoque

207 2017 998 2108 Provincii3‚,ret1nere
1016 2019 1400 2116 potuisset,
1451 2045 1585 2117 qua
1634 2044 1790 2094 eam
1838 2020 1911 2098 in
1935 2024 2194 2121 Hispa-

204 2115 332 2187 nia
375 2136 586 2215 atque
631 2110 780 2191 aliis
833 2118 975 2199 tuis
1025 2118 1262 2215 regnis
1317 2118 1802 2216 incorruptam
1852 2120 2191 2215 ha‘Gtenus

205 2213 613 2306 retinuisti3
665 2215 904 2314 coegit
941 2238 1012 2290 te
1052 2237 1289 2289 tamen
1326 2220 1723 2307 necessitas,
1746 2239 1860 2307 ut,
1892 2244 2036 2291 non
2068 2222 2196 2291 ob-

207 2310 445 2385 stante
491 2312 688 2387 omni
733 2334 856 2387 tua
915 2314 1324 2411 diligentia,
1379 2314 1695 2389 haereses
1743 2317 1816 2389 in
1860 2316 2193 2402 his‘locis

200 2410 537 2508 quotidie
569 2412 791 2509 magis
818 2437 905 2485 ac
937 2413 1158 2511 magis
1201 2412 1625 2485 invalescere
1663 2412 1962 2488 videres
2030 2418 2184 2487 An-

207 2528 290 2579 te
314 2532 536 2581 annos
555 2512 1174 2610 quinque‚majore
1201 2511 1348 2607 jam
1379 2510 1713 2583 adductus
1742 2514 2185 2603 necestitate,

205 2606 286 2680 in
329 2631 692 2682 conventu
737 2611 1058 2684 Bredano
1097 2609 1274 2682 nihil
1318 2610 1519 2700 aliud⁸
1550 2610 1947 2708 postulasti,
1979 2631 2188 2708 quarn

201 2725 330 2797 ut,
363 2727 712 2806 quotquot
742 2709 1260 2782 Hollandorum
1314 2705 1393 2782 ὅ(
1435 2709 1901 2784 Zelandorum
1924 2713 2182 2784 Catho-

199 2805 419 2878 licam
469 2807 924 2905 Religionem
969 2829 1111 2882 non
1151 2809 1531 2904 probarent
1564 2865 1586 2899 ‚
1634 2807 1777 2882 fine
1824 2811 1956 2882 ulla
2005 2809 2222 2884 infa-·

201 2903 394 2976 miae
455 2926 625 2980 nota
660 2965 680 2998 ‚
748 2905 890 2980 stne
951 2909 1084 2980 ulla
1143 2909 1488 2980 bonorum
1553 2908 1832 2981 suorum
1872 2908 2184 3005 jael-ura,

202 3003 607 3078 Provinciis
651 3005 784 3079 illis
833 3005 1314 3096 discederent,
1365 3025 1576 3104 atque
1621 3006 2015 3080 immobilia
2063 3006 2181 3082 sua

206 3101 398 3174 bona
446 3103 535 3174 ad
580 3126 845 3180 certum
901 3127 1116 3202 usque
1182 3125 1456 3200 tempus
1509 3128 1637 3201 per
1692 3125 2179 3202 procuratores

203 3199 364 3272 suos
417 3200 1000 3277 administrarent.
1102 3205 1350 3308 Itaque
1397 3227 1498 3276 eax
1528 3203 1861 3276 duntaxat
1902 3204 1976 3274 in
2022 3225 2190 3276 tuos.

203 3296 563 3392 potestate
589 3299 785 3374 fuisti
815 3318 1192 3374 contentus
1214 3357 1236 3391 ,
1271 3318 1477 3398 quam
1516 3321 1658 3372 non
1694 3301 1913 3374 solum
1950 3304 2185 3398 Reges

203 3419 291 3468 ac
334 3399 581 3470 Duces
617 3454 640 3488 ,
689 3399 806 3473 sed
861 3398 1172 3472 Comites
1207 3457 1227 3488 ,
1274 3401 1575 3472 Barones
1606 3455 1627 3488 ,
1679 3398 1757 3472 ἃ
1805 3399 2053 3496 singuli
2108 3399 2182 3473 in

213 3491 342 3566 suis
399 3495 810 3592 civitatibus
844 3495 1304 3594 Magistratus
1336 3551 1356 3585 ,
1410 3499 1556 3572 five
1602 3497 2000 3586 Catholici,
2032 3497 2180 3570 five

219 3591 642 3686 Lut'herani,
713 3621 844 3694 per
900 3597 1355 3670 Germaniam
1391 3594 1741 3670 obtinent.
1821 3599 2183 3700 'Succeffit

219 3686 448 3781 postea
475 3749 495 3782 ,
560 3715 851 3792 propter
904 3695 1204 3769 militum
1255 3715 1591 3786 tuorum,
1644 3713 1722 3780 ut
1774 3696 2026 3792 Belgae
2078 3697 2177 3771 lo-

201 3799 556 3881 ·quuntur,
605 3795 1086 3868 intolerabiles
1145 3794 1434 3892 injurias
1466 3851 1488 3885 ,
1542 3792 1841 3867 'exitialis
1892 3794 2010 3868 illa
2046 3798 2178 3868 Ca-

207 3882 632 3964 tholicorum
699 3917 862 3974 cum
945 3893 1318 3966 haereticis
1379 3891 1785 3990 conjunctio
1820 3947 1843 3982 ‚
1909 3894 1987 3965 in
2042 3913 2179 3994 qua

211 3980 526 4084 utrique,
556 4011 795 4072 contra
816 3990 1071 4072 milites
1098 4011 1373 4068 tantum
1405 4013 1563 4091 tuos
1592 3993 1662 4070 se
1690 4011 1881 4069 arma
1909 3991 2182 4161 sume?

1205 4093 1299 4167 M
1347 4114 1398 4186 4
1969 4112 2098 4189 pro
2122 4111 2185 4161 ι·
2244 4096 2258 4129 ¹

1293 4280 1298 4314 l
