3017 5200
738 521 890 609 '144
1088 512 2410 594 cisrinszcunrx

744 689 985 765 tudine
1004 744 1026 781 ‚
1076 691 1305 789 deque
1336 688 1734 765 differentia
1761 745 1786 781 ,
1830 710 2008 789 quae
2031 687 2217 763 inter
2243 688 2432 767 hanc
2449 746 2474 784 ,
2505 712 2726 789 quam

740 793 930 862 nunc
998 788 1099 863 illi
1158 789 1351 863 forte
1414 786 1866 883 postulabunt
1896 841 1919 877 ,
1983 786 2384 862 libertatem
2418 844 2441 879 ,
2505 808 2730 887 atque

740 908 897 959 eam
922 945 944 975 ‚
976 911 1155 985 quae
1190 886 1335 960 fuit
1370 885 1507 961 illis
1531 903 1698 959 ante
1735 884 2100 960 biennium
2125 886 2722 985 concess'a‚repe-

736 984 913 1059 ritur
932 1043 954 1076 ‚
1002 985 1213 1082 paulo
1242 982 1399 1079 post
1428 982 1650 1059 acturi
1684 984 1936 1061 sumus.
2031 985 2116 1059 N
2119 1008 2256 1058 unc
2295 1005 2577 1061 tantum
2605 985 2726 1059 di·

621 1140 627 1147 .
737 1086 965 1159 cimus
998 1138 1021 1174 ,
1070 1080 1627 1158 Christianorum
1689 1084 1804 1158 vel
1859 1082 2386 1157 catholicorum
2447 1084 2724 1158 animas

739 1186 1035 1257 Satanae
1069 1202 1215 1253 non
1252 1180 1436 1255 tradi
1472 1238 1495 1271 ,
1547 1204 1692 1255 non
1731 1180 1952 1254 modo
2001 1205 2163 1255 cum
2194 1180 2311 1255 sua
2338 1182 2523 1279 apud
2557 1182 2722 1257 illos

735 1282 931 1357 sacra
954 1277 1295 1354 haeretici
1310 1280 1427 1353 vel
1456 1279 2152 1354 infideles-celebrare
2161 1280 2720 1377 permittuntur,

738 1384 992 1455 <ferum
1052 1376 1267 1450 etiam
1324 1400 1489 1451 cum
1550 1377 1934 1474 imperium
2001 1376 2083 1453 ὅτ
2143 1376 2570 1477 potestatem
2635 1377 2718 1451 in

738 1475 1164 1552 Christianos
1195 1471 1413 1547 iidem
1456 1472 1776 1549 infideles
1817 1474 1936 1550 seu
1979 1474 2329 1551 haeretici
2361 1478 2720 1559 obtinent.

741 1570 1115 1650 Christiani
1174 1571 1347 1646 olim
1388 1570 1578 1645 inter
1607 1572 1798 1647 mille
1847 1595 2108 1673 genera
2160 1574 2712 1674 suppliciorum,

744 1678 751 1689 '
788 1673 990 1746 uibus
1015 1669 1106 1743 ad
1137 1668 1620 1768 abnegandam
1647 1670 2026 1747 veritatem
2055 1676 2488 1770 cogebantur
2509 1674 2714 1763 ,suos

774 1767 1171 1865 requentius
1230 1768 1713 1866 persecutores
1797 1768 2078 1845 Christo
2138 1770 2666 1848 lucrifaciebant
2683 1826 2710 1860 ,

736 1886 948 1967 quam
972 1868 1123 1940 suas
1155 1868 1419 1940 animas
1438 1868 1733 1941 Satanae
1765 1868 2154 1944 tradebant.
2200 1870 2421 1945 Nunc
2451 1870 2710 1960 etiam,

740 1984 1093 2065 quotquot
1134 1966 1449 2063 Pragae,
1492 1966 1616 2040 vel
1655 1968 1950 2056 Curiae,
1997 1968 2112 2043 vel
2147 1968 2541 2066 Augustae,
2583 1969 2712 2044 vel

736 2068 819 2140 in
858 2064 1012 2138 aliis
1036 2063 1461 2137 Germaniae
1497 2062 1676 2137 locis
1691 2118 1715 2155 ,
1735 2064 2088 2143 Catholici
2121 2064 2432 2162 degunt,
2483 2066 2566 2140 in
2589 2069 2710 2141 Sa-

740 2182 951 2237 tanae
1018 2160 1441 2258 potestatem
1506 2183 1652 2235 non
1705 2160 2004 2237 veniunt
2032 2218 2056 2252 ,
2107 2163 2296 2259 quod
2366 2164 2714 2241 haeretici

740 2282 1015 2359 quoque
1064 2260 1216 2335 suas
1260 2259 1363 2335 ibi
1410 2259 1800 2337 conciones
1845 2256 1928 2336 ἀ
1970 2259 2402 2334 ceremonias
2448 2262 2712 2336 habere

738 2380 887 2435 non
928 2357 1458 2457 prohibeantur.
1557 2356 1913 2433 Postremo
1957 2356 2033 2432 in
2069 2356 2296 2432 Gallia
2340 2360 2714 2456 ›experien-

702 2460 845 2537 .tia
886 2457 1170 2548 docuit,
1224 2457 1391 2533 illud
1440 2456 1668 2555 ipsum
1687 2512 1708 2547 ,
1773 2456 1964 2556 quod
2005 2454 2420 2555 metuimus,
2465 2456 2711 2533 incen-
2825 2474 2832 2483 ·

738 2548 935 2635 dirim
958 2615 980 2647 ,
1000 2556 1379 2632 latentibus
1415 2554 1842 2646 haereticis,
1871 2554 2134 2653 majora
2166 2553 2437 2654 semper
2477 2554 2708 2632 incre-

738 2675 981 2730 menta
1020 2653 1367 2751 accepiss'e
1397 2710 1420 2743 ‚
1468 2654 1626 2752 post
1671 2653 2066 2730 concess‘am
2108 2675 2285 2729 vero
2327 2655 2512 2728 hanc
2543 2655 2706 2753 ipfis

736 2758 1132 2832 libertatem
1154 2807 1176 2842 ,
1199 2753 1320 2827 vel
1342 2753 1572 2850 aliqua
1590 2751 1831 2827 saltem
1859 2776 1953 2827 ex
1987 2770 2186 2850 parte
2211 2751 2518 2850 sopitum
2535 2810 2558 2844 ‚
2588 2755 2712 2828 vel

736 2874 885 2927 non
910 2847 1111 2923 latius
1136 2849 1378 2924 saltem
1402 2849 1726 2947 serpfiss‘e.
1761 2848 2252 2926 Admiratione
2263 2851 2544 2950 quidem
2559 2852 2708 2927 hoc

736 2952 1033 3048 dignum
1068 2945 1351 3022 videtur
1369 3004 1392 3038 ,
1444 2947 1767 3044 quamvis
1792 2947 1912 3024 sua
1943 2972 2220 3046 quoque
2245 2951 2516 3027 ratione
2549 2973 2706 3025 non

737 3066 973 3125 careat
992 3099 1015 3134 ‚
1068 3068 1278 3142 quam
1302 3043 1550 3143 postea
1579 3045 1768 3120 forte
1797 3046 2314 3146 intelligemus:
2367 3064 2541 3123 nunc
2567 3069 2708 3122 ve-

736 3173 821 3224 ro
860 3143 949 3221 ad
978 3166 1172 3234 eam,
1194 3169 1402 3244 quam
1443 3141 1792 3242 inquirere
1821 3143 2242 3222 instituimus
2261 3203 2283 3238 ,
2314 3145 2626 3236 causam,
2649 3146 2706 3221 fi

733 3245 1087 3347 possumus
1120 3297 1143 3334 ‚
1190 3243 1694 3320 inveniendam
1733 3243 2146 3319 accedamus
2174 3301 2196 3336 ‚
2243 3268 2452 3343 quam
2488 3247 2702 3322 talem

732 3343 1133 3422 existimare
1165 3342 1422 3425 merito
1456 3341 1828 3440 pommus,
1877 3362 1958 3417 ut
1986 3399 2009 3434 ‚
2069 3343 2120 3417 fi
2166 3366 2320 3417 earn
2366 3342 2700 3443 Majestas

735 3463 860 3518 tua
911 3444 1151 3516 secuta
1184 3498 1207 3534 ,
1251 3440 1345 3516 'in
1399 3441 1817 3541 quibusdam
1873 3461 2073 3516 extra
2125 3442 2580 3518 Hollandiam
2625 3439 2707 3516 ἃ.

734 3540 1139 3616 Zelandiam
1184 3538 1590 3618 civitatibus
1635 3538 1933 3615 liberum
1994 3537 2132 3614 effe
2179 3541 2491 3640 patiatur
2541 3544 2709 3616 Pro-

734 3637 1144 3725 testantium
1168 3636 1579 3744 ‚Religionis
1623 3636 2047 3712 exercitium
2075 3693 2102 3729 ,
2151 3663 2194 3713 a
2236 3640 2428 3716 nullo
2457 3641 2712 3715 corda-

738 3756 819 3811 to
852 3735 1011 3808 viro
1035 3736 1189 3832 jure
1220 3733 1640 3832 reprehendi
1667 3754 1916 3831 queat,
1967 3736 2017 3811 fi
2045 3737 2263 3814 modo
2299 3737 2706 3835 permiss'am

734 3833 897 3934 ipsis
933 3831 1332 3906 libertatern
1352 3889 1374 3922 ,
1407 3831 1621 3907 certis
1653 3833 1964 3930 legibus.
2018 3833 2098 3912 ἃ
2124 3837 2698 3927 coiiditionibuS‚

729 3958 872 4033 quo
900 3929 1133 4005 minus
1166 3929 1375 4005 nobis
1404 3929 1634 4006 obstet
1653 3985 1673 4019 ,
1703 3929 2251 4033 adstringamur:
2285 3943 2529 4010 earum
2575 3958 2704 4007 ve·

692 4038 701 4044 ’
730 4032 1119 4132 relegam,
1140 4024 1336 4105 ficuti
1366 4027 1611 4128 postea
1647 4027 2115 4132 intelligetur,
2131 4033 2556 4136 praecipuae
2585 4032 2708 4106 fu-

724 4153 734 4162 ·
2401 4159 2414 4164 ·
2486 4153 2692 4210 turae
