3017 5200
906 550 1048 607 ιη
1252 520 2548 603 Castaxxsscltzrt

909 701 988 777 ἀ
1032 697 1426 773 diuturnam
1481 694 1637 771 fore
1684 694 1939 769 merito
1992 692 2311 792 polliceri
2354 692 2550 791 poss'e
2588 692 2879 779 censen-
2975 748 2976 767 2

911 800 1044 875 dae
1075 796 1246 880 fint,
1297 793 1650 893 explicare
1682 792 2126 892 aggrediaris·

1009 898 1082 970 D
1103 896 1279 968 UX.
1332 892 1721 967 Fatendum
1754 891 1959 967 nobis
1984 890 2123 981 est,
2144 888 2667 966 clementiffime
2690 891 2881 981 Rex,

913 994 1002 1069 ad
1039 994 1208 1067 alias
1241 990 1893 1080 incommoditates,
1925 1008 2168 1087 atque,
2205 1008 2281 1062 ut
2319 990 2419 1063 ita
2456 992 2705 1087 loquar
2727 1045 2753 1079 ,
2783 988 2879 1061 in·
2975 986 2976 1071 ξ

913 1090 1289 1187 dignitates
1311 1112 1513 1187 ,quas
1532 1145 1553 1175 ‚
1590 1107 1883 1187 propter
1922 1106 2237 1184 optatam
2286 1087 2467 1161 hanc
2504 1088 2581 1161 ὅ(
2608 1086 2879 1161 miseris

911 1188 1188 1287 populis
1208 1186 1812 1272 tamneceffariam
1834 1189 2089 1261 Pacem
2108 1243 2131 1277 ,
2151 1184 2375 1259 subire
2400 1210 2522 1261 nos
2534 1184 2876 1261 Christia-

911 1308 1006 1363 na
1040 1285 1494 1360 mansuetudo
1518 1286 1757 1383 jubet,
1804 1284 1947 1357 hoc
1989 1284 2204 1357 etiam
2254 1284 2635 1375 accedere,
2683 1282 2875 1381 quod

911 1381 1286 1459 adversm-ii
1326 1385 1417 1456 de
1459 1382 1661 1457 nobis
1706 1384 1926 1457 securi
1974 1382 2110 1456 esse
2151 1380 2488 1479 poss'unt,
2538 1407 2673 1483 per
2724 1405 2871 1471 eas,
2975 1392 2976 1401 ’

913 1506 1082 1579 quas
1106 1480 1262 1577 ipfis
1289 1480 1545 1554 offerre
1584 1481 1807 1577 parati
1848 1480 2121 1572 sumus,
2170 1479 2570 1570 cautiones,
2622 1505 2765 1555 nos
2796 1481 2867 1553 ab
2975 1498 2976 1519 ³

910 1579 1043 1653 illis
1076 1578 1365 1652 eandem
1393 1578 1835 1655 securitatem
1855 1634 1878 1665 ,
1898 1578 2415 1669 nudata,ficuti
2446 1580 2661 1676 paulo
2702 1598 2861 1652 ante

907 1676 1236 1765 dicebas,
1285 1676 1636 1775 praesidiis
1664 1676 1741 1753 ἀ
1783 1678 2117 1753 militibus
2160 1677 2303 1750 tuis
2346 1671 2671 1751 universa
2714 1680 2862 1751 Pro·

907 1774 1154 1851 vincia
1184 1793 1340 1866 tua,
1392 1774 1720 1871 accipere
1766 1798 1906 1849 non
1939 1774 2310 1872 poss'umus.
2364 1776 2651 1873 Itaque,
2686 1774 2857 1873 quod

851 1894 862 1907 ·
909 1876 1002 1946 ad
1051 1871 1496 1969 Majestatem
1539 1892 1732 1945 tuam
1782 1891 2034 1947 attmet
2062 1928 2083 1959 ,
2134 1873 2259 1946 vix
2308 1898 2485 1969 opus
2522 1892 2685 1947 erat
2732 1874 2857 1946 ullo

903 1970 1348 2067 jurejurando
1369 2027 1390 2060 ‚
1441 1994 1567 2045 nos
1596 1992 1769 2045 vero
1796 1995 1936 2045 non
1968 1969 2293 2075 exiguam
2336 1971 2720 2045 duraturae
2750 1975 2852 2046 Pa·

904 2068 1011 2141 cis
1042 2068 1236 2163 spem
1278 2067 1355 2140 in
1395 2069 1671 2141 illorum
1722 2068 1865 2141 fide
1900 2125 1921 2160 ‚
1972 2068 2049 2143 δε
2074 2068 2523 2167 jurejurando
2566 2072 2847 2144 colloca-

899 2182 979 2239 re
1044 2184 1324 2261 oportet
1357 2220 1380 2255 ,
1453 2190 1707 2263 paucas
1778 2186 2015 2241 tamen
2110 2166 2311 2263 supra
2373 2166 2849 2265 jusjurandum

899 2262 1122 2361 ipsum
1170 2266 1399 2362 leges,
1459 2265 1550 2339 ad
1594 2265 1933 2362 majorem
2010 2263 2309 2347 nostram
2366 2263 2843 2355 securitatem,

896 2361 1028 2435 inis
1079 2363 1536 2461 adjiciemuS‚
1602 2390 1769 2463 quas
1810 2360 1862 2438 fi
1929 2362 2275 2459 suscipere
2330 2368 2837 2461 gravabuntur,

890 2458 1436 2558 manifestiffiino
1466 2484 1879 2563 argumento
1922 2460 2205 2549 latentia
2236 2460 2353 2534 sua
2396 2464 2747 2555 consilia,
2775 2460 2843 2535 ἀ

875 2580 1103 2658 ,quam
1149 2584 1394 2656 parum
1443 2564 1648 2637 nobis
1694 2565 1813 2642 vel
1850 2560 2170 2658 cuiquam
2222 2558 2313 2632 de
2363 2560 2505 2634 fide
2551 2562 2840 2660 ipsorum

895 2659 977 2730 fit
1023 2658 1432 2754 sperandum
1467 2714 1490 2748 ,
1543 2662 1769 2759 palam
1812 2659 2077 2736 facient
2106 2713 2127 2749 ,
2178 2679 2262 2730 ac
2290 2659 2657 2757 Majestati
2700 2683 2846 2734 tuae

887 2754 1316 2852 justiffimam
1366 2761 1637 2833 causam
1678 2760 2111 2856 praebebunt
2147 2811 2167 2844 ‚
2234 2777 2352 2847 ut,
2414 2759 2527 2835 his
2574 2783 2840 2858 quoque

889 2871 1034 2924 tam
1062 2853 1340 2950 aequis,
1389 2859 1504 2930 vel
1541 2859 1777 2955 potius
1814 2853 1946 2930 tirsi
1983 2875 2126 2928 tam
2157 2853 2452 2953 iniquiS,
2485 2859 2843 2932 conditio·
2904 2935 2911 2944 ,

875 2951 1094 3024 ‘nibus
1140 2952 1470 3050 indignos
1542 2979 1661 3029 eos
1727 2955 2048 3053 judicans
2087 3009 2108 3044 ,
2176 2955 2479 3028 animum
2548 2955 2848 3052 adjicias

886 3049 976 3122 ad
1055 3051 1612 3126 continuandum
1676 3051 2203 3128 funestiffimum
2268 3053 2565 3142 bellum,
2642 3056 2848 3151 cujus

891 3149 1317 3222 calamitates
1369 3171 1563 3225 tanta
1615 3151 1957 3226 facilitate
2033 3168 2351 3225 avertere
2423 3149 2844 3248 potuissent,

883 3249 1208 3344 quodque
1284 3269 1658 3346 propterea
1738 3250 1815 3323 in
1900 3247 2202 3346 ipsorum
2276 3247 2616 3322 ceffurum
2663 3251 2845 3351 'per-

879 3346 1182 3434 niciem‚
1210 3349 1390 3420 -Deo
1425 3371 1691 3422 tantam
1734 3347 2163 3422 insolentiam
2204 3345 2647 3438 vindicante,
2694 3371 2845 3421 non

877 3443 1242 3517 immerito
1290 3443 1739 3543 sperabimus.
1848 3446 1988 3519 Sed
2029 3443 2135 3518 his
2170 3443 2499 3532 dimissiS,
2562 3447 2840 3542 prima,

877 3540 1079 3614 ficuti
1113 3542 1306 3630 dixi,
1363 3545 1603 3618 cautio
1642 3545 1765 3634 fit,
1814 3544 2121 3641 ipsorum
2166 3544 2690 3640 jusjurandum3
2762 3545 2837 3619 in

871 3659 960 3708 eo
999 3663 1176 3712 vero
1227 3665 1366 3714 non
1423 3644 1638 3716 modo
1686 3667 1828 3716 non
1864 3640 2375 3734 pollicebantur
2400 3699 2423 3733 ,
2472 3643 2539 3716 se
2578 3643 2848 3718 consti-

880 3751 1072 3807 tutae
1097 3739 1294 3810 Pacis
1327 3740 1556 3835 capita
1590 3741 1820 3814 sancte
1848 3739 2283 3830 servaturos,
2340 3765 2591 3814 verum
2623 3743 2838 3824 etiam

867 3830 1316 3907 affirmabunt
1349 3893 1370 3924 ,
1425 3837 1549 3910 suo
1602 3836 1757 3933 post
1813 3857 2155 3913 maturam
2204 3838 2837 3932 deliberationem,

869 3932 950 4004 ἃ
979 3930 1137 4028 post
1187 3935 1723 4009 commodorum
1760 3933 1837 4010 &
1866 3935 2482 4010 incommodorum
2516 3939 2725 4014 Pacis
2759 3941 2841 4012 ii-

857 4029 988 4106 lius
1029 4029 1657 4110 considerationem
1698 4029 1970 4132 judicio
2000 4091 2021 4126 ,
2086 4033 2335 4113 eadem'
2390 4034 2511 4112 illa
2560 4037 2843 4134 capita,

2216 4149 2227 4160 '
2647 4135 2834 4212 salva

1437 4311 1458 4362 ἱ
1558 4389 1567 4399 .
