3017 5200
408 593 411 595 s
450 515 463 527 ’
504 535 507 541 ’
546 537 657 635 ]ο.
706 530 1106 611 Ausrnuc'.
1152 552 1256 609 tr·
1293 526 1489 610 Oan.
1544 534 1929 617 thcrcos.
2132 546 2232 637 29

262 710 575 789 habuiss‘e‘
627 706 1098 805 consequendi
1166 708 1241 781 id
1279 764 1301 798 ,
1370 708 1563 807 quod
1631 710 1722 785 ad
1779 712 2092 791 securam
2145 718 2228 797 δι
2275 799 2280 803 ,

272 813 553 911 dignam
602 810 667 883 se
725 806 1310 907 gubernationem
1355 807 1830 907 requirebatur
1861 869 1884 905 ,
1912 814 2230 895 debitam

264 911 587 985 nimirum
626 905 1195 1001 authoritatem,
1238 906 1644 1005 obsequium
1693 907 1770 982 &
1806 912 2233 993 benevolen-

264 1011 425 1083 tiam
446 1033 465 1082 :
486 1008 697 1105 longe
728 1030 927 1097 vero.¹
942 1002 1135 1077 secus
1177 1004 1247 1077 ei
1289 1004 1596 1105 eveniss‘e
1626 1032 1876 1105 ,quam
1907 1010 2228 1110 sperave-

264 1126 403 1197 rat,
447 1129 681 1203 neque
713 1105 858 1177 hoc
878 1157 899 1191 ,
940 1102 1131 1199 quod
1166 1105 1253 1176 ab
1286 1103 1734 1201 Optimatum
1763 1108 2232 1205 authoritate,

259 1206 334 1279 ὅτ
362 1205 618 1301 populi
648 1200 1095 1276 observantia
1124 1257 1146 1291 ,
1195 1202 1341 1274 fide
1390 1201 1712 1300 denique'
1741 1207 2057 1282 omnium
2107 1236 2228 1287 ex-

250 1304 595 1401 spectarat
633 1358 655 1394 ,
708 1296 1205 1388 consecutum,
1252 1298 1375 1374 sed
1406 1303 1526 1375 ‘ab
1573 1302 1770 1375 omni
1821 1304 2074 1381 horum
2110 1309 2232 1407 spe

246 1400 591 1477 excidisse
626 1426 649 1491 3
700 1394 1032 1473 immo&
1058 1399 1390 1473 hactenus
1421 1400 1975 1496 praesentiffimo
2003 1404 2076 1481 in
2107 1432 2236 1505 pe-

240 1502 463 1577 riculo
496 1556 523 1593 ,
553 1498 661 1573 uti
698 1496 1082 1575 Ordinibus
1112 1497 1275 1595 ipfis
1311 1521 1438 1595 per
1455 1498 2010 1599 Raffingemium
2050 1528 2227 1581 nun-

246 1601 497 1689 ciarit,
532 1598 605 1672 se
650 1598 1002 1673 versatum
1046 1595 1294 1691 fuiffe3
1342 1597 1444 1670 ita
1494 1597 1784 1696 quidem
1833 1621 1954 1695 ut,
1993 1604 2119 1679 nifi
2156 1604 2235 1679 se

243 1697 676 1797 tempestive
721 1697 796 1771 in
844 1696 1092 1769 locum-
1130 1696 1782 1795 tutumaerecepiss‘et
1813 1757 1836 1792 ,
1887 1702 2234 1799 conjurati

244 1796 572 1873 nonnulli
599 1794 825 1892 ipsum
859 1794 1476 1891 comprehensuri,
1519 1794 1606 1870 ἀ
1649 1796 1724 1870 in
1761 1799 2077 1875 custodia
2115 1826 2228 1876 re-

242 1895 523 1971 tenturi
540 1894 829 1985 fuerint,
848 1892 1057 1991 idque
1072 1916 1203 1991 per
1220 1892 1524 1991 plurium
1555 1892 1698 1970 fide
1726 1896 2110 1996 dignorum
2126 1902 2232 1975 in-

252 1995 448 2069 dicia
465 1992 809 2091 accepifl'e
820 1992 914 2083 fle,
934 1991 1053 2066 sed
1070 1990 1147 2067 δε
1169 1993 1375 2067 variis
1388 2050 1409 2083 ,
1432 1994 2014 2095 evidentibusque
2029 2024 2234 2103 argu·-

140 2098 149 2101 ’
241 2094 513 2169 mentis
527 2092 653 2166 fibi
673 2090 1016 2183 constare,
1038 2089 1119 2166 ὅε
1134 2117 1272 2189 quo
1290 2092 1509 2191 magis
1531 2093 1606 2167 id
1624 2092 1751 2168 fibi
1766 2096 2226 2192 credendum,

239 2192 834 2291 metuendumque
864 2190 1077 2272 fuerit
1100 2247 1121 2281 ,
1142 2190 1452 2265 debuisse
1482 2192 1728 2265 saltem
1760 2198 2052 2269 Senatus
2085 2198 2232 2271 Re·-

244 2292 348 2391 gii
380 2292 709 2388 exemplo
742 2289 1195 2387 permoveri,
1226 2290 1400 2363 facti
1419 2290 1690 2366 etenim
1722 2291 2079 2366 recentem
2107 2294 2230 2367 ad-

236 2392 382 2465 huc
398 2390 666 2465 exstare
681 2389 1100 2462 memoriam
1122 2443 1143 2475 ,
1166 2412 1304 2482 quo
1319 2387 1589 2483 primae
1605 2378 2050 2463 authoritatis
2067 2394 2230 2465 Ma-

242 2508 538 2587 gnateS,
574 2484 829 2585 Regiis
861 2484 939 2557 δε
969 2484 1391 2557 Provinciae
1423 2484 1740 2581 negotiis
1781 2486 2121 2582 praefecti
2157 2487 2235 2563 &
2324 2554 2328 2558 ,

252 2586 596 2684 occupati
625 2585 953 2676 ,summa
990 2605 1154 2656 curn
1192 2580 1620 2680 indignitate
1649 2607 1690 2656 e
1713 2585 1974 2683 palatio
2008 2612 2235 2664 arma-

204 2698 210 2711 ·
245 2705 322 2761 ta
352 2709 571 2760 manu
607 2679 1411 2782 abdu&i,l&custodiae
1440 2682 1830 2781 mancipati
1863 2685 2014 2763 fint.
2161 2763 2164 2766 ,

345 2787 467 2860 Ad
536 2808 619 2857 ea
675 2803 1095 2882 quamquam
1154 2804 1292 2879 ego
1371 2781 1793 2857 Sereniffidni
1869 2783 2230 2884 Principis

240 2901 703 2959 commotum
804 2881 1123 2954 animum
1218 2879 1461 2954 sedare
1553 2902 1846 2956 conatus
1922 2883 2244 2965 diversas

236 2981 539 3058 omnino
585 2981 890 3054 rationes
940 2978 1420 3077 protuliffem,
1456 3001 1603 3054 non
1653 2981 2036 3057 verisimile
2093 2982 2231 3057 esse

238 3082 589 3172 afferenS,
639 3103 1059 3178 quemquam
1106 3079 1505 3153 mortalium
1553 3101 1642 3151 eo
1673 3079 2010 3154 audaciae
2061 3105 2229 3176 pro·

243 3179 639 3281 gress'urum
692 3177 939 3268 fuiffe,
1008 3195 1154 3252 tam
1184 3175 1679 3268 temerarium,
1723 3176 2098 3274 indignum
2148 3177 2230 3256 ἃ

204 3303 543 3354 .enorme
606 3277 882 3350 facinus
914 3351 925 3357 ,
981 3275 1352 3372 cogitandi
1391 3332 1411 3365 ‚
1487 3275 1748 3349 nedum
1830 3273 2228 3352 attentandi

246 3378 644 3476 respectum
720 3371 1169 3448 authoritatis
1250 3372 1751 3473 dignitatisque
1807 3373 1968 3447 suae
2001 3431 2023 3466 ,
2091 3401 2229 3474 qua

242 3479 643 3564 eminebat,
683 3473 754 3546 id
804 3469 1009 3547 fuiss'e
1054 3470 1607 3570 impediturum,
1663 3474 2232 3558 benevolentiam

230 3599 515 3673 quoque
567 3572 645 3647 δι
692 3569 1027 3644 affectum
1072 3629 1093 3662 ,
1140 3595 1351 3669 quem
1414 3571 1607 3646 inter
1647 3567 2023 3672 Populares
2080 3573 2230 3672 jam

257 3671 383 3744 fibi
438 3669 874 3747 conciliass'ct
914 3725 935 3760 ,
994 3669 1207 3744 facile
1274 3670 1596 3744 omnium
1680 3670 1758 3745 in
1833 3671 2234 3748 universum
2351 3728 2358 3737 .

149 3771 152 3775 ”
260 3767 573 3844 favorem
610 3792 1060 3867 amoremque
1118 3769 1206 3842 ad
1254 3769 1325 3844 se
1383 3769 1836 3844 attrasturum
1883 3769 2130 3865 fuiffe,
2179 3773 2233 3847 fi

256 3867 614 3965 paulisper
666 3869 899 3941 adhuc
960 3867 1255 3940 duorum
1314 3888 1435 3942 aut
1487 3869 1701 3942 trium
1736 3869 2073 3944 mensium
2121 3892 2230 3944 to·-

251 3965 547 4038 lerantia
588 3967 892 4062 ipsorum
953 3967 1227 4040 animos
1292 3968 1714 4042 confirmare
1750 4027 1771 4060 ,
1835 3967 2067 4066 ‘iisque
2127 3969 2234 4059 in<-

250 4063 583 4171 dulgere,
637 4061 713 4144 &
752 4065 1146 4144 concedere
1176 4065 1560 4165 potuisset,
1611 4089 1835 4169 eaque
1885 4067 2006 4143 via
2040 4066 2236 4242 ifllum

332 4209 339 4219 ι
368 4193 373 4197 ’
731 4184 737 4194 ’
2083 4182 2240 4242 utu-
