3017 5200
688 527 1574 616 ’Ὣιλιοούε-υι
1670 536 1982 639 unet}
2207 546 2361 625 a4r·

380 711 687 787 mulacra
730 702 945 803 dejici
984 756 1006 792 ,
1046 726 1255 801 -quae
1319 701 1598 800 iplimet
1645 700 2056 781 idololatrae
2101 706 2356 803 sponte

382 812 505 887 sua
532 807 743 881 ess'ent
782 800 1233 878 confracturi.
1290 799 1825 894 Theodericus,
1861 804 2022 879 Rex
2044 805 2350 898 Italiae,

386 911 725 1007 Joannem
743 901 1169 978 Pontificem
1191 955 1214 990 ‚
1234 900 1301 997 ej
1308 924 1383 975 us
1412 898 1718 975 nominis
1737 902 2042 999 primum
2063 956 2086 992 ,
2108 904 2352 977 Theo-

380 1007 655 1093 dorum,
678 1002 989 1098 duosque
1006 997 1359 1095 Agapitos
1388 1000 1724 1073 Oratores
1742 997 1831 1072 ad
1850 998 2192 1096 Justinum
2208 1002 2350 1074 Im·-

380 1094 777 1201 peratorem
796 1155 818 1189 ,
866 1097 986 1195 qui
1012 1096 1347 1173 Attianos
1380 1096 1778 1193 expulerat,
1807 1119 2180 1199 eorumque
2208 1103 2352 1175 Ec-

382 1199 623 1275 clelias
656 1194 1039 1274 Catholicis
1078 1196 1536 1293 affignaverat
1557 1251 1580 1285 ‚
1628 1194 1858 1285 misit3
1885 1196 2007 1295 qui
2039 1222 2202 1272 eum
2227 1198 2353 1273 ad·-

377 1298 873 1387 hortarentur,
924 1313 1003 1368 ut
1036 1292 1370 1369 Arrianus
1399 1291 1834 1383 restitueret3
1860 1292 1957 1368 sm
1983 1295 2174 1371 secus
2199 1297 2352 1369 ani-

378 1416 608 1472 matus
660 1392 831 1469 effet
862 1446 887 1484 ,
940 1391 1192 1483 sciret,
1256 1391 1329 1465 se
1378 1414 1624 1466 omnes
1684 1393 1931 1466 Italiae
1963 1394 2349 1487 Ecclefias‚

357 1492 777 1571 -Catholicas
801 1490 1211 1589 praesertim
1230 1547 1251 1580 ,
1268 1489 1800 1565 demoliturum.
1851 1492 2250 1589 Magnifice
2265 1492 2347 1569 dc

375 1591 672 1692 perbeni
726 1616 816 1666 ne
830 1589 1063 1689 primo
1084 1588 1372 1686 quidem
1399 1587 1690 1685 excepti
1709 1588 1960 1685 Legati
1973 1590 2018 1665 s
2008 1612 2130 1667 unt
2145 1594 2302 1691 ‚qui
2314 1650 2346 1685 ,

372 1691 501 1766 ubi
529 1694 675 1765 Con
781 1689 1127 1784 ntinopoli
1150 1685 1501 1761 rationem
1519 1686 1898 1783 legationis
1925 1691 2346 1788 exposuere,

374 1814 544 1864 cum
560 1789 843 1863 flectere
856 1787 1203 1885 Justinum
1220 1808 1362 1859 non
1378 1784 1653 1883 possent
1672 1842 1692 1875 ,
1711 1784 1800 1859 ad
1815 1787 2150 1885 lacrymas
2163 1792 2346 1866 verli
2369 1816 2374 1821 ·

379 1912 469 1960 ac
524 1886 929 1983 suppliciter
966 1904 1287 1983 petentes
1322 1940 1344 1974 ,
1396 1903 1480 1959 ut
1517 1883 1866 1981 periturae
1921 1888 2166 1963 Italiae
2201 1914 2344 1965 una

380 2007 547 2059 cum
600 1983 975 2057 Catholicis
1020 1983 1343 2057 omnibus
1386 1981 1850 2074 subvenirem
1900 2008 1988 2058 eo
2051 1989 2344 2065 tandem

274 2078 287 2094 ‘
374 2083 575 2180 pium
602 2082 958 2155 hominem
984 2082 1401 2180 propulere,
1433 2100 1522 2155 ut
1551 2080 1888 2155 Arrianos
1915 2083 2346 2179 restitueret,

374 2200 585 2277 atque
624 2202 743 2253 eos
775 2179 1021 2253 vivere
1065 2179 1201 2253 suis
1238 2178 1515 2276 legibus
1564 2177 1644 2253 ἃ
1687 2178 2023 2257 institutis
2054 2184 2338 2261 fineret:

370 2279 609 2375 itaque
659 2277 831 2351 fidei
890 2277 1093 2351 causa
1140 2275 1256 2350 hic
1306 2276 1708 2374 postpofita.
1783 2280 1994 2367 ,Satis
2037 2282 2342 2381 denique

364 2398 667 2475 gravem
734 2376 1011 2469 causam
1067 2375 1493 2450 Husfitarum
1545 2390 1886 2471 'tempore
1951 2378 2340 2475 Sigismun-

370 2474 499 2549 dus
544 2476 939 2573 Imperator
996 2474 1245 2547 habuit
1283 2526 1303 2560 ,
1359 2496 1483 2545 cur
1545 2495 1668 2545 eos
1699 2528 1720 2563 ‚
1781 2473 1903 2569 qui
1949 2476 1989 2549 a
2029 2480 2337 2553 Catholi-

371 2599 458 2649 ca
486 2573 870 2686 Religione
908 2592 1079 2646 tunc
1113 2568 1573 2664 defecissent,
1597 2570 1810 2646 armis
1845 2571 2110 2650 adeam
2127 2592 2335 2654 revo-

356 2697 532 2764 care
560 2673 884 2748 studeret
916 2727 939 2762 ‚
1004 2668 1167 2768 poll:
1209 2669 1475 2768 aliquot
1515 2690 1750 2743 tamen
1797 2671 2117 2750 infelices
2170 2703 2338 2754 cum

372 2771 533 2868 iplis
568 2770 1059 2847 dimicationes
1095 2824 1117 2857 ‚
1173 2768 1317 2843 five
1356 2767 1511 2844 illae
1551 2767 1855 2844 hostium
1887 2771 2334 2870 fortitudini,
2415 2801 2420 2808 ·

338 2869 519 2944 -five
551 2869 921 2947 occultiori
968 2867 1187 2942 alicui
1232 2867 1475 2942 causae
1517 2868 1926 2944 tribuendae
1975 2869 2110 2950 lint
2139 2932 2162 2966 ,
2264 2901 2338 2952 a-

374 2993 535 3044 cem
564 2993 727 3044 cum
757 2967 1074 3042 hostibus
1110 2965 1333 3055 inire,
1381 2961 1494 3056 δε,
1529 2965 1619 3040 ad
1659 2967 2058 3045 vitanda‘in
2099 2997 2222 3070 poi
2261 2999 2336 3048 e-

338 3093 525 3142 ·rum
552 3065 927 3168 longiflimi
954 3065 1127 3140 belli·
1161 3063 1614 3140 incommoda
1641 3121 1664 3156 ,
1711 3067 1964 3164 aliquas
2009 3070 2166 3167 ipfis
2197 3074 2342 3148 Ec·-

372 3167 609 3242 clefias
654 3170 915 3264 Pragae
959 3162 1373 3260 permittere
1433 3187 1579 3238 non
1645 3165 2027 3242 dubitavit.
2125 3171 2210 3244 In
2247 3195 2336 3246 ea

376 3263 635 3338 deinde
678 3267 847 3338 urbe
892 3263 1209 3338 Huffitae
1270 3260 1348 3336 δε
1399 3261 1646 3360 Judaei
1722 3287 1886 3338 cum
1953 3265 2334 3344 Catholicis

332 3360 1015 3462 'permixtimullam
1035 3419 1056 3453 ,
1091 3361 1279 3460 quod
1302 3359 1550 3449 sciam,
1572 3360 1904 3436 infamiae
1938 3383 2180 3440 notam
2201 3372 2333 3444 Bo-

362 3460 668 3536 hemiae-
708 3457 1146 3557 Principibus
1176 3516 1197 3551 ,
1259 3478 1591 3554 tanquam
1647 3461 2098 3558 Religionem
2165 3491 2330 3562 pro·-

338 3558 728 3652 flentibus,
780 3558 895 3636 vel
926 3579 1179 3636 contra
1210 3557 1360 3634 Dei·
1391 3559 1620 3654 legem
1664 3559 2008 3656 ejusmodi
2039 3568 2330 3658 permis-

338 3657 553 3736 ·fione
580 3656 1079 3760 peccantibuS‚
1125 3675 1493 3756 propterea
1524 3655 1924 3736 inufferunt.
1991 3663 2126 3736 Sed
2159 3665 2330 3762 quid

360 3758 562 3850 nobis
598 3762 715 3835 vel
743 3758 861 3835 his
886 3759 1001 3833 vel
1034 3755 1187 3833 aliis
1214 3755 1554 3867 exemplis
1587 3781 1760 3852 opus
1791 3757 1928 3848 est,
1982 3784 2144 3835 cum
2176 3763 2330 3837 foe·

358 3855 485 3931 dus
505 3912 526 3946 ,
562 3857 641 3932 in
673 3858 951 3934 ditione
988 3857 1534 3954 Luxenburgica
1568 3878 1726 3929 curn
1755 3859 1978 3956 Belgis
2007 3885 2133 3956 per
2166 3864 2330 3936 Fra-

355 3972 539 4028 trem
552 3955 1172 4047 felicisffmemoriae
1186 3953 1439 4030 initum
1456 4009 1481 4043 ,
1500 3952 1580 4029 <St
1607 3978 1648 4030 a
1664 3957 1943 4032 Theolo
1949 3958 2058 4056 gis
2074 3960 2330 4031 Catho-
2376 4047 2390 4057 υ

352 4053 513 4132 licis
549 4052 625 4131 δι
658 4055 837 4154 Juris
883 4053 1129 4156 peritis
1167 4053 1624 4166 approbatum
1646 4111 1674 4154 ,
1721 4053 1798 4132 δε
1831 4081 1958 4156 per
1994 4055 2332 4230 Majetsta-

376 4219 383 4224 .
1562 4194 1569 4205 ’
1711 4179 1736 4198 ’
2219 4179 2333 4232 em
