3017 5200
462 415 530 454 ’Ἴ
682 355 1982 548 ΡἙΑΕΕΑἸἼα
2209 381 2297 516 'ez

294 639 407 700 ex
484 637 673 698 vero
759 604 1265 722 descripserat.
1352 609 1637 698 Strada
1697 617 1735 718 (
1785 613 1896 722 l)
1961 617 2274 727 quidem

303 723 399 809 δι
458 725 791 808 Haraeus
864 724 1103 832 (m),
1158 728 1493 809 lauream
1550 726 1746 809 hanc
1818 724 2270 816 foederatis

306 839 695 944 integram
752 837 1045 944 eripere
1094 837 1231 918 vix
1291 835 1449 937 ausi⁴
1478 894 1506 936 ,
1579 853 1912 950 aequata
1995 860 2266 928 tamen

290 947 801 1062 propemodum
824 945 1201 1056 jaHura,
1254 950 1574 1062 parique
1613 951 1880 1034 damno
1901 1008 1927 1050 ,
1963 961 2262 1060 pugna·
2397 1019 2408 1030 .

292 1084 463 1148 tum
512 1057 733 1145 fuiss'e
770 1060 1153 1165 scribunt3
1218 1059 1347 1164 δι,
1402 1081 1491 1144 ut
1528 1060 1890 1146 Boffuvio
1923 1065 2259 1174 aliquam

293 1172 695 1284 adspergat
760 1173 1189 1270 maculam,
1261 1171 1481 1254 addit
1555 1171 1829 1256 Strada
1865 1232 1889 1269 ,
1987 1179 2197 1260 illum
2229 1234 2260 1276 ,

294 1283 559 1393 omiſj‘ae
618 1285 1139 1394 oportunitate
1190 1283 1518 1396 omnibus
1553 1287 1783 1393 copiis
1835 1282 2257 1398 insequendi

288 1397 565 1506 hostem
586 1452 614 1493 ‚
670 1391 1053 1482 villoriae
1116 1409 1471 1494 extrema
1527 1397 1964 1508 corruptffl’.
2083 1404 2256 1484 Au-

290 1511 666 1606 llriacum
740 1532 931 1617 vero
1019 1504 1429 1616 capeſjendi
1496 1506 1676 1591 belli
1737 1513 2256 1598 temeritatem
2307 1534 2320 1548 ·

297 1619 885 1732 administrandi
929 1622 1275 1703 cautione
1331 1617 1728 1728 redemzffi’.
1805 1688 1811 1697 .
1849 1620 2014 1707 ‘Sed
2053 1623 2256 1708 „haec

248 1753 255 1762 ·
294 1740 467 1821 laus
510 1733 914 1818 Austriaco
954 1727 1133 1814 data
1192 1729 1522 1815 debetur
1573 1729 1998 1818 Parmensis
2039 1733 2258 1822 Prin·

289 1849 491 1958 cipis
513 1835 965 1956 prudentiae
987 1898 1015 1943 ,
1033 1847 1207 1952 qui,
1227 1870 1407 1927 cum
1428 1845 1774 1954 equitatu
1795 1843 2192 1938 subsistens
2219 1903 2254 1950 ,

296 1979 394 2046 ut
428 1957 804 2068 peditibus
843 1953 1255 2039 recedendi
1290 1960 1908 2065 oportunitatem
1939 1960 2261 2067 praebe·

297 2092 427 2158 ret
454 2125 483 2168 ,
542 2069 921 2175 Hispanos
956 2087 1315 2152 extremo
1356 2071 1702 2180 periculo
1741 2073 2054 2155 exemit.
2119 2066 2252 2156 Ad

290 2181 757 2270 Boffuvium
796 2177 1004 2292 quod
1040 2178 1345 2263 adtinet
1370 2237 1397 2280 ,
1452 2180 1666 2264 illum
1713 2182 1854 2266 suis
1892 2184 1964 2266 se
1996 2181 2256 2269 castris

284 2295 721 2408 ‘prudenter
755 2289 1262 2391 continuisse,
1320 2318 1574 2402 neque
1607 2311 1783 2376 toto
1818 2317 1999 2378 cum
2034 2321 2257 2378 exer-

289 2411 453 2494 citu
488 2407 903 2492 decernere
944 2401 1298 2503 voluisse,
1323 2413 1776 2512 “antequam
1812 2433 1991 2489 cum
2029 2407 2261 2492 auxi·-
2367 2446 2371 2449 ·

294 2521 604 2609 liaribus
642 2519 935 2631 copiis,
996 2513 1295 2625 pridem
1334 2515 1840 2625 exspectatis,
1898 2513 2264 2600 advenis-

288 2637 407 2719 set
460 2634 803 2747 joannes
852 2628 1329 2731 Cafimirus;
1384 2629 1595 2737 prius
1647 2652 1833 2711 vero
1886 2650 2078 2733 400.
2133 2630 2258 2714 vel

306 2770 501 2855 500.
536 2747 815 2829 Scotos
852 2744 930 2827 in
961 2743 1250 2827 hostem
1286 2736 1689 2840 inmififfe,
1745 2741 1876 2848 qui
1918 2741 2260 2826 Austria-

300 2861 369 2945 ci
416 2858 782 2942 militibus
810 2881 1140 2941 numero
1160 2881 1401 2961 quum
1445 2848 1684 2949 effent
1709 2854 2058 2962 inpares,
2118 2854 2262 2937 inis

298 2976 383 3057 in
434 2966 847 3056 subsidium
934 2968 1245 3078 Anglos
1302 2964 1389 3048 &
1452 2963 1899 3049 Germanos
1965 2966 2263 3075 equites

298 3078 846 3192 subpeditaffe,
890 3086 1435 3191 pugnamque,
1468 3106 1698 3185 quam
1737 3079 1834 3160 ab
1873 3077 2060 3159 hora
2096 3078 2260 3185 sep·

302 3199 497 3279 tima
534 3196 923 3280 matutina
974 3191 1579 3287 inchoaverant,
1634 3188 1766 3271 sub
1800 3188 2004 3271 Solis
2037 3212 2261 3271 occa-

302 3310 475 3393 sum
498 3304 885 3388 deseruiffe
916 3306 938 3400 ',
970 3303 1051 3385 δι
1072 3298 1566 3386 retrocesfiss'e
1609 3300 1996 3408 Hispanos
2015 3355 2045 3401 ,
2080 3300 2257 3384 scri·

307 3422 433 3507 bit
493 3419 657 3526 (n)
718 3418 1225 3529 Languetus3
1308 3410 1519 3499 unde
1575 3412 1815 3497 etiam
1866 3411 1982 3501 his
2017 3410 2278 3537 vie-'tos

614 3602 631 3647 f
2078 3551 2273 3609 nam

338 3700 345 3707 ’
388 3734 518 3819 (ι)
560 3732 702 3803 Lib.
743 3732 835 3801 x.
876 3732 959 3801 de
1001 3730 1163 3798 Beli.
1203 3730 1378 3815 Beig.
1422 3717 1489 3815 pss.
1521 3746 1670 3808 499,

393 3818 550 3903 (m)
590 3820 739 3885 Vol.
776 3816 855 3883 11.
903 3817 1125 3883 Annal.
1172 3813 1350 3878 Brab.
1396 3832 1458 3894 p.
1495 3821 1644 3883 282,

394 3899 545 3986 (n)
590 3900 733 3969 Lib.
769 3900 819 3970 1.
868 3896 1074 3987 Epist..
1115 3914 1257 3977 150.
1300 3914 1360 3977 p.
1400 3915 1554 3979 749.

1105 3994 1233 4052 ᾖ*
1290 3992 1418 4049 ’Χΰῦ
1474 3989 1603 4048 ³23*
1653 3988 1710 4043 ᾖ
1751 4010 1794 4095 3
