3017 5200
551 492 666 596 Jo,
722 490 1121 591 Arsurum
1168 520 1265 577 m·
1312 490 1509 579 osni
1561 494 1954 581 Βειωσοεῑ
1999 489 2007 517 “
2063 596 2070 603 ι
2112 526 2220 611 99
2320 554 2326 563 .

222 686 379 751 rata
420 673 576 751 sunt
598 733 622 767 ,
648 676 1013 773 ,afferente
1044 678 1165 771 illo
1196 726 1219 769 ,
1271 676 1436 753 sane
1464 680 1744 779 quidem
1782 677 2209 755 consuluisse

228 773 533 851 Ordines
562 830 583 863 ,
652 800 793 851 non
850 796 1089 853 tamen
1154 778 1446 852 definite
1498 775 1928 853 constituisse
1987 779 2194 875 quid*

226 896 479 971 quam,
536 896 651 946 me
718 897 1003 970 contra,
1049 877 1257 973 plane
1304 896 1453 975 tum
1519 876 1936 967 decreviffe,
1988 878 2184 953 idem
2225 928 2231 945 .

215 971 543 1069 Brugenfi
588 972 945 1074 Episcopo
978 1032 1001 1067 ,
1054 972 1134 1049 ἅ
1167 978 1487 1050 Dor-nino
1521 974 1970 1050 Willervalio
2012 976 2189 1050 ass'e-

220 1071 529 1145 rentibus
544 1095 569 1161 3
618 1073 761 1147 hoc
808 1098 895 1147 ea
942 1074 1397 1149 altercatione
1439 1074 1706 1149 factum
1741 1072 1877 1163 est,
1928 1092 2005 1145 ut
2034 1076 2187 1149 Au*

219 1170 447 1243 raicus
477 1188 630 1245 rem
663 1173 860 1245 velut
882 1172 1194 1262 dubiam,
1216 1198 1377 1246 cum
1397 1186 1632 1247 tamen
1650 1190 1846 1246 certa
1861 1166 2028 1243 effet
2047 1227 2068 1261 ,
2087 1172 2184 1247 ad

216 1268 807 1347 aliamOrdinum
852 1269 1428 1345 consultationem
1468 1274 1834 1369 rejiceret,
1872 1267 2191 1363 adden&

212 1366 261 1439 fi
293 1366 399 1441 ita
424 1412 447 1456 ‚
504 1384 585 1439 ut
632 1390 763 1443 nos
808 1369 1197 1451 diceremus
1234 1424 1255 1460 ,
1305 1370 1376 1443 se
1417 1393 1528 1443 res
1569 1370 1862 1443 haberet
1893 1419 1916 1457 ,
1971 1367 2188 1443 Ordi-

200 1484 324 1539 nes
380 1462 645 1561 prioris
696 1466 797 1541 sui
846 1466 1113 1541 decreti
1163 1492 1307 1541 non
1366 1468 1644 1543 futuros
1713 1466 2190 1543 immemores,

202 1563 512 1637 Interim
563 1561 799 1639 tamen
843 1565 1082 1641 habita
1131 1565 1644 1640 deliberatione
1693 1588 1787 1639 ex⁴
1817 1564 2193 1639 communi

199 1685 457 1735 corum
484 1718 507 1752 ,
569 1663 693 1761 qui
758 1664 835 1739 in
894 1664 1185 1739 aedibus
1246 1659 1596 1760 Principis
1657 1680 2188 1753 convenerant,
2261 1666 2268 1673 '

201 1760 613 1851 sente-ntia,
682 1762 952 1859 scripto
1028 1783 1366 1860 exceptus
1446 1762 1550 1835 est
1609 1788 1651 1837 a
1717 1761 1912 1836 Sillio
1979 1759 2188 1835 Pacis

194 1860 583 1951 traciatuS,
632 1882 715 1935 ea
744 1862 1046 1935 formula
1071 1917 1094 1951 ,
1136 1886 1275 1959 qua
1322 1858 1401 1935 ἃ
1446 1886 1489 1935 a
1527 1862 1644 1935 sua
1671 1860 2062 1935 Serenitate
2099 1852 2221 1933 &-

197 1960 289 2029 ab
329 1956 725 2032 Ordinibus
773 1958 1155 2056 subsignari
1202 1958 1397 2033 hunc
1444 1959 1702 2032 debere
1751 1958 2184 2057 censebant,

197 2056 545 2153 opinione
574 2056 907 2133 nimirum
940 2081 1021 2131 ea
1052 2054 1133 2131 δε
1161 2056 1319 2155 spe,
1350 2056 1838 2157 'quaestionem
1866 2055 2192 2133 illam¹de

198 2154 630 2253 abrogandis
676 2154 811 2229 illis
854 2154 1107 2231 officiis
1146 2179 1287 2230 non
1344 2154 1658 2230 futuram
1712 2156 2185 2255 impedimen·

200 2270 319 2346 to,
371 2280 533 2327 cum
574 2254 665 2329 de
695 2255 843 2329 hoc
881 2255 1053 2351 jamx
1078 2253 1409 2327 statutum
1450 2254 1622 2327 ess'et
1647 2254 1875 2327 'antea
1904 2307 1927 2346 ,
1967 2251 2184 2350 juxta

202 2352 621 2427 Sei-enitatis
680 2352 839 2429 suae
891 2354 1357 2428 voluntatem.
1458 2355 1674 2427 Porro
1715 2376 1882 2427 cum
1924 2349 2204 2447 posti-i·-

196 2450 321 2525 die
374 2451 723 2525 Auraicae
786 2449 1128 2543 Princeps
1196 2449 1272 2523 in
1322 2448 1672 2523 Ordinum
1743 2468 2186 2524 conventum

196 2548 546 2638 venisset,
596 2546 675 2622 ἃ
721 2547 809 2621 de
852 2544 1118 2620 consilii
1167 2544 1243 2621 in
1274 2546 1564 2622 aedibus
1595 2546 1731 2622 suis
1762 2547 2029 2622 summa
2065 2570 2186 2622 re-

194 2651 425 2723 latum
460 2647 673 2736 effet,
720 2645 905 2720 facta
950 2643 1281 2728 omnibus
1324 2645 1587 2726 Silliani
1641 2645 1879 2744 scripti
1925 2645 2183 2746 copia,

195 2744 685 2821 controverfia
728 2745 985 2818 iterum
1020 2743 1136 2818 illa
1177 2743 1269 2818 de
1310 2744 1564 2820 officiis
1610 2745 1686 2819 in
1729 2742 2184 2820 deliberatio-

196 2869 368 2920 nem
408 2843 700 2930 redufila
728 2899 751 2934 ,
795 2845 1003 2942 plane
1044 2842 1394 2919 diversum
1423 2901 1448 2936 ,
1491 2864 1822 2944 quantum
1871 2843 1960 2920 ad
2019 2841 2180 2920 offi-

194 2945 312 3018 cia
372 2944 494 3016 illa
559 2942 907 3018 attinebat
941 3001 963 3036 ‚
1030 2961 1188 3016 tum
1258 2943 1728 3020 decreverunt
1813 2942 2174 3034 Ordines;

186 3066 501 3140 nempe,
544 3061 621 3116 ut
646 3041 733 3118 iis
760 3045 1125 3134 omnibUS,
1176 3042 1297 3140 qui
1328 3041 1519 3118 suam
1557 3043 2030 3132 Serenitatern
2060 3041 2177 3114 se-

194 3143 348 3216 cuti
397 3139 655 3232 ess'ent,
716 3141 951 3232 officia
1002 3139 1081 3216 δε
1130 3137 1520 3238 dignitates
1563 3141 1704 3216 fine
1753 3138 2184 3236 exceptione

190 3244 748 3336 abrogarentur,
796 3259 918 3314 aut
945 3240 1187 3314 saltem
1215 3241 1365 3337 ejus
1396 3238 1861 3312 differendam
1892 3237 2181 3334 suspen·
2291 3261 2296 3272 ·

188 3341 646 3434 ciendamque
700 3337 1185 3413 definitionem
1213 3391 1237 3428 ,
1287 3335 1517 3412 donec
1565 3334 1645 3410 δε
1695 3335 1994 3410 edustae
2038 3334 2178 3408 fint

196 3462 239 3510 e
278 3433 670 3514 Provincia
692 3437 1207 3512 Germanorum
1243 3434 1497 3530 copiae
1518 3489 1540 3524 ,
1576 3433 1653 3510 &
1683 3437 1911 3511 Arces
1952 3455 2172 3508 occu-

199 3559 399 3632 patas
456 3555 627 3611 cum
684 3535 989 3634 oppidis
1020 3589 1041 3625 ,
1092 3534 1198 3610 uti
1240 3531 1450 3632 pacto
1509 3533 1696 3608 inter
1769 3534 1840 3608 se
1899 3555 2171 3607 conve-

200 3636 468 3726 nerint,
524 3633 647 3708 sua
676 3633 1023 3708 Serenitas
1066 3631 1445 3709 restituerit
1478 3688 1501 3722 ‚
1559 3651 1634 3706 ut
1678 3651 1830 3706 tum
1877 3632 2168 3706 demum

202 3730 566 3806 decidatur
598 3755 687 3806 ex
717 3731 1061 3809 sententia
1079 3789 1101 3822 ‚
1150 3731 1361 3829 idque
1388 3729 1925 3806 Mechlinienfis
1952 3733 2185 3824 Sena-⁶.

200 3849 316 3902 tus
355 3885 377 3918 ,
442 3855 647 3928 quem
712 3833 1229 3906 Parlamentum
1304 3849 1576 3906 vocant
1617 3887 1638 3922 ,
1705 3830 1818 3906 cui
1868 3828 2207 3904 Ordines

198 3929 575 4002 nonnullos
630 3953 671 4000 e
710 3930 1119 4004 Brabantiae
1180 3933 1442 4004 Senatu
1486 3928 1950 4026 supplementi
1999 3929 2168 4002 loco

198 4028 539 4127 Delectos
576 4025 975 4124 .assignaturi
1015 4027 1268 4103 essent.
1371 4027 1493 4101 Ad
1546 4028 1718 4101 haec
1813 4045 2166 4112 raeterea‚

180 4150 389 4228 ‚quae
430 4125 509 4201 in
526 4099 854 4206 foederis
888 4129 1241 4308 formula&
1238 4149 1279 4199 a
1300 4126 1499 4202 Sillio
1529 4126 1736 4224 conse
1810 4139 2178 4226 a,mutat3
