3017 5200
847 452 947 552 ‹75
1090 440 1293 529 (ἴμεν.
1326 434 1918 519 §carpenum
1972 454 2071 513 m.
2121 456 2303 513 nez
2353 445 2584 546 rurs}

850 642 1013 703 cum
1055 630 1394 691 venerant
1417 669 1439 702 ,
1505 608 1584 684 <Sc
1637 610 1792 707 ipfis
1841 636 2120 710 quoque
2181 613 2440 712 Regiis
2495 615 2854 705 consiliat

844 714 1144 815 riis,qui
1184 734 1336 787 tum
1374 708 1559 806 apud
1589 707 1778 791 suam
1825 711 2295 785 Serenitate'm
2341 734 2542 788 erant
2565 771 2588 805 ‚
2641 740 2844 813 quos

845 838 1095 891 omnes
1152 812 1226 889 in
1271 832 1349 881 re
1406 828 1553 893 tam
1588 808 1801 889 ardua
1827 809 2090 884 auxilio
2128 809 2516 909 acciveram
2541 871 2563 905 ,
2616 833 2702 887 ut
2741 814 2843 891 Γιτ

838 914 991 991 -mul
1044 932 1320 983 mecum
1368 905 1640 979 animos
1683 929 1975 1001 ¹eorum,
2027 908 2149 1006 qui
2193 906 2265 981 se
2311 912 2487 1011 male
2529 912 2840 989 traetari

844 1011 1231 1111 putabant,
1281 1011 1783 1101 expugnarent.

858 1146 867 1155 ·
944 1106 1063 1188 Ad
1094 1105 1270 1191 haec
1306 1105 1746 1199 exponebam
1775 1127 1890 1177 me
1930 1128 1970 1177 a
2013 1103 2129 1181 sua
2197 1107 2582 1189 serenitate
2635 1130 2834 1193 com

847 1203 1140 1285 tendisse
1170 1260 1191 1295 ,
1253 1220 1463 1299 prout
1506 1202 1584 1273 in
1632 1202 1978 1287 mandatis
2033 1203 2408 1282 habueram
2443 1260 2464 1293 ‚
2527 1207 2836 1303 copiam

844 1302 1025 1381 mihi
1071 1302 1225 1375 fieri
1274 1298 1624 1382 videndae
1677 1300 1856 1383 illius
1898 1300 2271 1399 epistolae,
2321 1328 2456 1402 qua
2499 1307 2662 1391 Rex
2699 1306 2833 1377 de-

846 1399 1337 1479 liberationem
1377 1396 1567 1473 suam
1624 1398 1714 1471 de
1765 1423 1941 1495 pace
1985 1400 2411 1497 postremum
2453 1425 2642 1481 nunc
2701 1427 2832 1486 ex-

902 1497 1160 1576 licass‘et
1190 1554 1213 1589 ,
1278 1494 1489 1592 idque
1547 1520 1664 1569 me
1711 1496 2162 1591 obtinuiss'e‘3·
2203 1501 2410 1577 fuisse
2454 1520 2692 1576 autem
2745 1501 2828 1581 ile

846 1530 989 1675 Em
1036 1620 1165 1697 per
1216 1612 1415 1669 notas
1472 1596 1591 1669 seu
1636 1595 2108 1693 suppofititios
2163 1599 2596 1679 chanaaeres
2644 1624 2826 1673 con-

847 1696 1185 1793 scriptam
1223 1752 1243 1783 ,
1322 1692 1690 1792 Regiaque
1763 1710 1988 1769 manu·
2028 1694 2496 1795 subfignatam
2545 1706 2620 1773 6²
2668 1700 2822 1781 Auss

846 1794 1061 1895 gusti.
1177 1791 1590 1867 Postulatam
1655 1817 1938 1891 quoque
1995 1792 2232 1877 a—m'e·
2270 1795 2498 1873 studio
2567 1796 2826 1872 eodem

848 1892 1195 1991 temporis
1244 1910 1612 1967 momento
1647 1891 1847 1974 ¹fuiss'e
1885 1949 1907 1984 ,
1962 1911 2042 1971 ut
2073 1916 2160 1975 ex
2211 1893 2564 1992 insperato
2620 1896 2826 1971 allata

848 1996 942 2083 ab
986 2016 1117 2083 eo,
1148 1991 1269 2089 qui
1304 2015 1347 2065 a
1379 1989 1680 2074 Secretis
1723 2010 1914 2079 erat,
1963 1991 2222 2089 easque
2253 1993 2528 2074 litteras
2565 1993 2644 2089 in
2703 2018 2824 2067 cue-

848 2090 1081 2179 stodia
1128 2090 1431 2171 habebat
1464 2142 1489 2178 ²
1553 2087 1974 2174 securiorem
2031 2090 2297 2173 faceret
2345 2092 2566 2169 fidem
2603 2092 2650 2183 ,'
2701 2116 2820 2167 exa

852 2188 1283 2287 temporaria
1314 2188 1837 2284 interpretatio,
1859 2212 1946 2265 ex
1981 2213 2064 2263 ea
2091 2188 2501 2273 intellexisse
2529 2214 2657 2263 me
2675 2248 2700 2281 ,
2723 2216 2820 2273 es<

852 2290 928 2371 se
986 2310 1103 2364 eas
1158 2286 1458 2384 prossus
1496 2284 1674 2361 illius
1726 2287 2148 2380 sententiae,
2197 2289 2633 2385 eundemque
2695 2289 2824 2365 ess'e

854 2410 1095 2463 earum
1123 2385 1415 2477 sensum,
1434 2408 1645 2483 quem
1672 2386 1717 2459 s
1705 2410 1790 2459 ua
1807 2386 2152 2461 Serenitas
2167 2387 2252 2461 ad
2271 2388 2576 2481 Ordines
2605 2388 2828 2485 script,

850 2486 1019 2563 serit
1059 2510 1076 2559 :
1142 2486 1503 2561 Nonnulla
1553 2508 1762 2580 porro
1827 2486 1958 2560 alia
2011 2485 2260 2559 iisdem
2313 2486 2571 2561 litteris*
2617 2482 2824 2561 fuisse

842 2582 1408 2681 -comprehensa,
1458 2607 1636 2682 quae
1672 2582 1788 2658 sua
1819 2585 2171 2660 Serenitas
2213 2583 2390 2658 mihi
2435 2586 2818 2675 mandarit,

856 2706 951 2757 ne
996 2683 1434 2778 evulgarem,
1487 2682 1563 2753 in
1613 2705 1752 2777 quo
1797 2683 1979 2757 mihi
2031 2703 2181 2756 tum
2233 2685 2566 2780 temporis
2607 2685 2822 2759 fidem

856 2781 1094 2854 datam
1146 2778 1628 2874 praestandam
1689 2800 1944 2874 putans
1977 2836 1999 2870 ,
2065 2783 2401 2878 *quamvis
2461 2784 2682 2880 Regis
2752 2785 2824 2858 in

853 2901 1107 2978 pacem
1156 2875 1481 2973 propensi
1523 2877 1740 2950 animi
1780 2879 2132 2976 judicium
2177 2881 2586 2955 evidentius·
2633 2881 2828 2956 Ritu·
2911 2901 2918 2908 ‘

856 3000 1016 3054 rum
1062 2974 1295 3050 fuerat
1324 3030 1347 3067 ‚
1399 2991 1652 3072 utpote
1699 2974 1822 3072 qui
1866 2977 2134 3052 fastum
2180 2980 2271 3053 de
2301 2979 2641 3054 Namurci
2688 2982 2824 3054 Δι’,

862 3099 984 3168 ce,
1042 3097 1139 3150 eo,
1188 3071 1415 3165 modo
1480 3093 1870 3170 occupata,
1921 3076 2113 3172 pacis
2165 3077 2598 3176 praejudicio
2671 3103 2816 3154 non

858 3175 1211 3274 probaret.
1312 3173 1782 3248 Dec-larabam
1834 3173 2116 3273 insuper.
2141 3175 2822 3254 suamserenitatem

858 3298 1007 3350 non
1054 3269 1351 3370 potuiss'e
1394 3271 1701 3363 adduci,
1753 3291 1830 3348 ut
1863 3274 2556 3364 conditionibus-illis
2587 3278 2823 3377 pacis,

857 3397 1025 3470 quas
1072 3371 1423 3461 ferebam,
1474 3370 1972 3469 subscriberet,
2034 3373 2162 3466 nisi
2200 3373 2564 3471 praemiffa
2611 3376 2827 3473 stipu-

854 3469 1127 3546 latione
1160 3526 1181 3559 ,
1234 3493 1370 3567 qua
1402 3469 1532 3544 fibi
1577 3469 1670 3558 de
1710 3473 1930 3560 tribus
1979 3475 2184 3550 rebus
2225 3472 2460 3558 caveri
2493 3472 2824 3572 proflagi-

862 3566 1093 3657 tabit3
1142 3565 1224 3642 ἃ
1271 3568 1498 3665 primo
1551 3569 1686 3643 hac
1739 3569 2152 3654 conditione
2200 3595 2450 3668 paoem
2503 3573 2576 3648 fe
2620 3575 2826 3662 dare,

862 3686 946 3742 ut
979 3665 1052 3736 in
1083 3663 1462 3742 foederatis
1486 3666 1888 3742 Provinciis
1911 3668 2188 3766 Religio
2219 3670 2585 3746 Catholica
2601 3673 2833 3753 obser«

860 3783 1115 3852 vetur3
1162 3761 1401 3836 saltem
1430 3787 1520 3836 ne
1563 3764 1844 3840 alterius
1879 3765 2236 3865 religionis
2275 3771 2736 3867 permittatur
2763 3772 2835 3848 in

858 3862 953 3959 iis
1010 3859 1468 3935 exercitium:
1523 3861 1780 3936 deinde
1817 3919 1840 3950 ,
1899 3883 1978 3937 ut
2043 3867 2450 3942 obedientia
2480 3871 2600 3944 sua
2645 3869 2835 3968 Regi

859 3958 1249 4078 praestem:⁸
1263 4014 1287 4054 ‚
1338 3957 1417 4054 ἃ
1450 3958 1590 4074 fibi
1609 3960 1732 4054 sua.
1755 3961 2184 4078 authoritas,
2233 3967 2838 4080 quamdiu-admi-

886 4107 899 4114 .
1110 4101 1115 4108 ·
2731 4091 2849 4148 m-
