3017 5200
825 468 925 555 γὸ
1067 456 1271 562 ξω».
1324 452 1602 554 Sena-rr
1651 448 1896 548 Coun.
1943 474 2046 529 nn
2097 470 2278 569 {³45³
2327 454 2562 576 rura}

834 628 847 645 ⁴
933 630 1215 709 Etenim
1244 626 1297 709 fi
1326 624 1538 701 Arcis
1571 610 2069 701 Namurcenfis
2104 682 2146 739 ,·
2177 650 2388 726 quam
2433 627 2608 703 tanti
2645 652 2780 702 mo·
2815 706 2820 713 ,

840 728 1066 815 menti
1096 726 1234 801 effe
1260 723 1740 801 existimarent
1775 780 1798 816 ,
1847 723 2364 827 restitutionem
2405 728 2779 825 requirant}

838 830 989 930 ejus
1032 823 1554 922 consequendae
1620 822 2090 921 expeditiores
2141 826 2317 899 mihi
2379 849 2524 899 non
2597 850 2786 923 appa-

840 926 1051 1007 ruiss'e
1086 923 1440 1012 rationes,
1488 944 1702 1021 quam
1751 944 1868 996 eas
1899 978 1921 1013 ‚
1973 928 2136 1020 quas
2178 948 2289 998 ex·
2321 924 2578 999 litteris
2627 927 2788 998 meis

842 1020 1383 1113 intelleiriss‘ent3
1434 1039 1514 1094 ut
1553 1019 1883 1094 nimirum
1906 1078 1928 1113 ,
1975 1022 2328 1119 publicato
2385 1047 2520 1120 per
2563 1046 2790 1098 omnes

842 1116 1251 1209 Provincias
1264 1118 1550 1209 Εάὶὲὶο,
1572 1120 1986 1197 ulteriorum
2023 1122 2392 1219 querimon
2403 1124 2627 1197 iarum
2637 1114 2792 1197 cau-3

843 1225 961 1307 sae
1003 1221 1164 1318 suae
1192 1214 1566 1296 Serenitati
1602 1209 2131 1297 intercidantur.
2182 1220 2256 1295 Si
2293 1220 2490 1295 enim
2519 1222 2790 1319 religio,

842 1320 1047 1420 cujus
1080 1317 1457 1407 maximum
1506 1314 1582 1387 in
1609 1315 1754 1424 ¹hoc
1787 1316 2079 1415 negotio
2109 1332 2554 1395 momentum
2582 1320 2786 1409 foret,

842 1429 935 1497 'ex
978 1416 1211 1511 Edisti
1240 1412 1678 1513 praescripto
1727 1434 2086 1511 reparetur
2118 1474 2141 1508 ‚
2196 1421 2416 1503 nullas
2475 1418 2792 1516 supereffe

842 1518 945 1603 illi
982 1514 1215 1597 causas
1235 1570 1259 1603 ‚
1310 1513 1433 1587 vel
1470 1506 1899 1609 subterfugia
1931 1570 1954 1605 ,
2003 1528 2132 1605 cur
2171 1518 2286 1633 vel
2338 1519 2608 1600 Arcem
2647 1518 2790 1631 gea-¹
2915 1558 2920 1567 .

842 1626 1061 1705 neatj
1100 1611 1216 1695 vel
1264 1609 1427 1708 ipsis
1461 1631 1608 1693 non,
1654 1610 2030 1711 sejungat.
2121 1629 2140 1664 -'
2197 1646 2210 1667 κ
2283 1660 2290 1668 -
2471 1659 2476 1663 -

853 1709 1102 1787 ’1:-Po‘st
1132 1708 1342 1785 Arcis
1384 1707 1600 1781 etiam
1645 1708 2160 1790 restitutionem
2183 1762 2206 1803 ,
2259 1737 2403 1792 non
2453 1715 2592 1791 ess'e
2627 1712 2788 1813 quod

833 1811 959 1887 ,vel
986 1812 1081 1883 ab
1106 1806 1225 1882 illo
1262 1813 1303 1907 ,'
1353 1808 1467 1887 vel
1505 1831 1548 1879 a
1577 1806 1714 1880 suis
1758 1808 1883 1884 fibi
1923 1830 2246 1885 metuant
2282 1841 2306 1904 ;
2357 1816 2569 1914 atquc
2599 1814 2793 1889 unico

840 1911 985 2003 hoc
1034 1906 1461 2003 compendio
1496 1961 1521 1997 ,
1555 1904 1662 1981 -&
1709 1905 1893 1982 illius
1963 1908 2041 1985 ἃ
2089 1910 2397 2007 ipsorum
2439 1909 2792 2004 (voluntati

842 2004 1339 2105 securitatique
1392 2028 1556 2079 cum
1619 2004 1840 2079 totius
1911 2009 2376 2106 Reipublicae
2437 2008 2794 2085 commodo

719 2152 723 2159 ·
846 2090 1120 2185 affatim
1180 2103 1567 2179 consultum
1625 2102 1787 2177 fore
1820 2157 1843 2194 ,
1921 2128 2038 2178 me
2107 2106 2308 2180 fuiffe
2377 2099 2802 2183 arbitratumss‘

851 2207 1081 2314 Quam
1156 2202 1542 2294 sententiae
1617 2222 1819 2275 meae
1901 2202 2448 2279 declarationem
2485 2263 2510 2297 ,
2573 2230 2795 2305 quam·

844 2306 1087 2405 quam'·
1116 2306 1538 2384 Batavorum
1605 2300 1684 2377 ὅτ.
1731 2299 2102 2379 Zelandiae
2139 2302 2448 2379 'Delesti
2493 2305 2801 2379 criminas

838 2422 1122 2502 rentur,
1172 2402 1644 2505 approbarunt
1687 2418 1922 2475 tamen
1975 2402 2228 2504 reliqui
2275 2402 2584 2476 Ordines
2602 2459 2623 2493 ,
2677 2404 2794 2475 lau-

844 2502 1276 2600 datumque,
1314 2500 1707 2597 gratiasque
1741 2518 2028 2597 agentes
2055 2524 2182 2599 pro
2216 2494 2676 2583 sollicitudine
2697 2498 2793 2593 ,dc

777 2666 783 2673 .
846 2626 1016 2676 meo
1072 2600 1149 2674 in
1196 2597 1741 2696 Rempublica‘m
1783 2628 1787 2639 ¹
1822 2597 2055 2673 studio
2119 2601 2458 2696 petebant
2496 2656 2519 2691 ,
2589 2621 2666 2676 ut
2719 2594 2786 2673 ad

842 2700 1034 2776 suam
1096 2697 1566 2770 Serenitatem
1612 2696 1875 2791 reverti
1923 2699 2178 2770 vellem
2208 2754 2228 2788 ,
2281 2697 2360 2772 ὅ(
2401 2697 2786 2796 persuadere

848 2815 1178 2884 conarer,
1224 2813 1300 2866 ut
1333 2793 1688 2867 huic-meo
1724 2794 2048 2886 confili0,
2087 2797 2277 2893 quod
2308 2820 2474 2872 cum
2506 2797 2785 2896 ipsorum

847 2894 1218 2968 voluntate
1256 2893 1718 2981 conveniret,
1766 2890 1908 2966 sese
1939 2897 2546 2984 accommodaret.
2783 2905 2790 2916 ’

878 3025 885 3038 =
942 2988 1286 3086 Acceptis
1333 2988 1572 3086 itaque
1631 2989 1974 3090 mandatis
2012 2989 2091 3074 ἃ
2139 2992 2558 3078 testimonio
2597 2988 2787 3088 publi·

847 3111 938 3166 co
964 3145 989 3180 ‚
1054 3087 1247 3188 quod
1310 3087 1453 3160 fuit
1493 3087 1738 3185 quinta
1786 3090 2256 3186 Septembris,
2328 3094 2408 3172 in
2440 3091 2782 3192 posterum

846 3190 1039 3264 diem
1084 3185 1504 3286 cogentibus
1558 3185 1950 3263 Ordinibus
1984 3211 2016 3280 ,·
2054 3189 2133 3288 ἃ
2187 3191 2453 3278 acriter
2514 3183 2784 3265 instanti·

848 3287 1568 3386 bu5‚profe6iionem·
1594 3285 2065 3381 adornabam,
2103 3313 2328 3388 eoque
2373 3288 2640 3367 meliori
2663 3282 2784 3375 anif

832 3408 1011 3479 mo,
1062 3387 1253 3483 quod
1310 3376 1874 3460 animadvertens
1907 3444 1930 3478 ‚
1979 3408 2315 3490 quantum
2387 3390 2672 3467 Ordines
2720 3380 2784 3462 in.

842 3485 987 3594 §iac
1030 3483 1387 3582 legatione
1438 3484 1785 3558 momenti
1834 3487 2130 3582 politum
2187 3489 2329 3566 effe
2391 3482 2792 3566 censuerint,-

852 3603 1006 3661 tam
1052 3589 1374 3658 accurata
1426 3581 1792 3679 diligentia
1827 3639 1847 3674 ‚
1916 3608 2076 3659 cum
2141 3606 2379 3665 tamen
2443 3585 2662 3686 pridie
2709 3573 2784 3682 ad

802 3708 806 3718 ·
851 3683 1187 3778 scriptum
1218 3684 1307 3754 ab
1334 3680 1595 3778 Iprenfi
1634 3679 1714 3755 δι
1749 3685 2079 3780 Brugenfi
2136 3685 2506 3787 Episcopis
2541 3684 2786 3758 anatum

852 3803 981 3879 per
1030 3779 1513 3876 apparitorem
1560 3778 1778 3876 Regii
1815 3782 2116 3858 Concilii
2157 3841 2177 3875 ‚
2227 3813 2439 3884 quem
2471 3787 2584 3862 sua
2613 3783 2784 3854 Sere·

848 3879 1031 3958 nitas
1081 3896 1251 3955 cum'
1290 3878 1542 3994 litteris
1588 3879 1941 3960 Bruxellas
2018 3887 2422 3968 amandarat
2451 3939 2476 3982 ‚
2534 3879 2783 4046 respffils·

2921 5053 2934 5096 ξ»
