3017 5200
1508 314 1566 371 ⁴!

856 496 971 593 ,98
1032 484 1070 525 ‘'
1120 484 1329 581 Cass.
1377 480 1654 557 Scnm
1703 477 1950 557 Coun.
2004 499 2104 555 m.
2157 491 2342 565 ner.
2392 500 2617 561 rnna

880 664 1277 745 ,consultum
1298 715 1323 750 ,
1367 656 1485 737 cui
1517 652 1830 731 maxima
1870 680 2028 755 pars
2064 654 2370 733 vocibus
2397 654 2633 731 assensi
2665 655 2830 735 sunt)

892 782 1123 841 ratum
1184 758 1323 834 fuit
1378 754 1764 846 habitum;
1815 752 1892 831 <Sc
1949 761 2029 828 ut'
2075 752 2229 826 vim
2276 755 2670 843 obtineret,
2727 778 2831 834 eo,

892 887 1037 963 quo
1057 856 1211 935 fieri
1242 854 1455 943 solet,
1508 852 1730 927 modo
1759 909 1785 944 ,
1828 853 2219 927 solemniter
2271 854 2636 928 decretum
2679 851 2830 943 fuit,

892 981 1041 1038 non
1104 958 1249 1032 sine
1297 976 1560 1053 magno
1592 948 1789 1049 ‚squi
1849 972 2002 1027 tum
2047 952 2382 1032 Concilio,
2441 954 2829 1041 intererant,

895 1084 989 1159 ap
1042 1055 1254 1131 lausu.
1849 1062 1858 1084 ““
2559 1096 2562 1101 -

991 1082 1273 1231 {odem
1320 1149 1443 1229 die
1500 1150 1894 1248 appellente
1941 1146 2100 1247 post
2135 1147 2512 1223 meridiem
2555 1144 2836 1242 Principe

901 1253 1222 1335 Auraico
1242 1306 1266 1341 ,
1310 1248 1431 1323 cui
1467 1248 1750 1345 plurimi
1779 1252 2158 1342 Procerum
2189 1304 2211 1339 ,
2245 1249 2371 1347 'qui
2417 1244 2731 1321 Comitiis
2759 1245 2836 1317 in·

830 1388 837 1395 ·
912 1352 1167 1431 teresse
1227 1348 1737 1426 consueverant
1772 1402 1794 1436 ‚
1842 1345 2060 1419 offic-:ii
2113 1346 2316 1419 causa
2373 1345 2662 1420 obviam
2709 1366 2838 1439 pro·

905 1450 1284 1539 cesserant,
1335 1445 1672 1540 ideoque,
1718 1444 1911 1541 quod
1969 1468 2132 1517 cum
2206 1444 2534 1519 Ordines·
2563 1440 2836 1517 definitis

904 1544 1265 1630 sententiis
1324 1542 1828 1618 concluderent
1859 1597 1882 1632 ,
1945 1542 2260 1617 absentes
2316 1541 2599 1617 fuissent
2631 1597 2653 1632 ‚
2717 1540 2835 1638 qui·

906 1648 1073 1723 dam
1124 1644 1405 1741 culpare
1451 1660 1844 1737 coeperunt
1895 1640 2423 1715 conclusionem
2475 1641 2664 1715 illam
2699 1695 2719 1730 ,
2761 1636 2838 1710 uti

905 1743 1236 1822 vitiosam
1267 1797 1289 1832 ‚
1340 1740 1791 1815 immaturam
1815 1794 1837 1830 ,
1899 1737 2246 1836 nimisque
2291 1739 2841 1837 praecipitatam,

865 1896 871 1907 ‚
960 1867 1049 1920 ua
1092 1840 1461 1919 occasione
1515 1837 1972 1911 constitutum
2014 1838 2153 1911 fuit
2183 1893 2204 1927 ,
2256 1858 2334 1911 ut
2375 1838 2657 1915 Deleffl
2690 1895 2711 1929 ,
2753 1832 2844 1931 qui

906 1866 999 2017 de
1048 1940 1353 2037 negotio
1390 1935 1634 2027 Pacis,
1685 1960 1847 2011 cum
1879 1936 1998 2011 sua
2031 1937 2424 2012 Serenitate
2470 1937 2696 2011 initae
2725 1992 2746 2025 ,
2787 1934 2841 2005 in

826 2094 829 2099 -
906 2038 1267 2116 Ordinum
1352 2034 1542 2131 prius
1627 2034 1940 2107 consessu
2009 2035 2514 2137 renunciarant
2559 2093 2581 2127 ‚
2666 2033 2850 2108 iidem

904 2136 1205 2213 eandem
1269 2132 1646 2209 astionem
1676 2130 2012 2226 privatim
2069 2156 2314 2207 coram
2383 2134 2718 2229 Principe
2774 2151 2850 2203 re·

902 2234 1303 2311 uastarent.
1411 2228 1621 2333 Quod
1657 2230 1734 2321 ὃς
1770 2230 2036 2303 fastum
2083 2230 2186 2305 est
2231 2235 2305 2304 in
2337 2230 2514 2306 disti
2543 2226 2854 2325 Principis

900 2334 1195 2420 aedibus
1216 2384 1236 2421 ,
1288 2330 1772 2429 praesentibus
1795 2328 2139 2428 Lalangio
2187 2328 2267 2405 δε
2300 2328 2618 2405 Bossutio
2653 2326 2851 2403 Comi·

900 2433 1143 2522 tibus,
1191 2430 1333 2507 illis.
1357 2428 1692 2525 adjuneto
1734 2426 1929 2501 Sillio
1973 2454 2016 2502 a
2065 2429 2368 2503 Secretis
2402 2484 2430 2527 2
2475 2428 2597 2527 qui
2619 2484 2642 2519 ,
2689 2423 2850 2525 quid-

952 2530 1079 2608 uid
1111 2528 1217 2606 ibi
1246 2526 1780 2617 deliberaretur,
1832 2526 2222 2626 exciperet.
2315 2527 2546 2604 Varie
2596 2544 2743 2602 tum
2772 2521 2848 2597 ibi

904 2556 999 2710 de
1028 2629 1227 2706 Pacis
1262 2627 1791 2703 conditionibus
1821 2624 2294 2726 disceptatum
2326 2627 2470 2702 fuit
2501 2684 2526 2719 ,
2577 2644 2844 2702 tantum-

956 2751 1047 2804 ue
1079 2725 1360 2802 alternis
1392 2724 1982 2822 disputationibus
2007 2725 2398 2824 perfthum
2419 2780 2443 2816 ,
2491 2745 2578 2802 ut
2601 2724 2842 2804 tandem

1016 2823 1269 2900 Prince
1393 2823 1469 2898 in
1513 2822 1866 2898 Ordinum
1905 2824 2331 2900 sententiam
2375 2825 2843 2908 adduceretur3
2946 2899 2947 2902 ,

906 2922 1148 3021 paucis
1191 2945 1235 2996 >a
1288 2921 1584 2996 modum
1633 2921 1980 3018 capitibus
2005 2924 2148 2998 seu
2199 2922 2520 3000 articulis
2560 2924 2836 2998 immuta·

906 3020 1044 3110 tis,
1076 3019 1432 3118 quibnsut
1460 3019 1582 3094 sua
1601 3020 1956 3096 Serenitas
1988 3021 2454 3114 assentiretur,
2475 3021 2842 3099 effeRurum

908 3143 1031 3196 me
1061 3139 1215 3194 tum
1253 3117 1804 3216 promittebam,
1851 3118 1932 3195 δε
1973 3120 2050 3194 in
2083 3145 2206 3196 me
2235 3122 2711 3222 recipiebam,
2751 3114 2844 3216 qui
2944 3195 2945 3213 χ

912 3221 1013 3296 ob
1058 3219 1275 3293 tot—ies
1325 3241 1485 3294 cum
1537 3218 1654 3292 sua
1686 3218 2084 3295 serenitate
2125 3220 2378 3297 habita
2427 3220 2754 3322 colloquia
2785 3213 2846 3292 il·
2944 3215 2945 3220 ’

908 3317 1044 3406 li-u's
1072 3315 1294 3392 animi
1321 3317 1742 3398 sententiam
1771 3317 1930 3394 satis
1950 3321 2412 3416 exploratam
2438 3322 2770 3398 haberem.

936 3474 942 3480 .
1008 3419 1231 3491 Porro
1262 3440 1424 3516 cum
1453 3416 1642 3492 inter
1673 3415 2206 3518 disceptandum
2249 3419 2692 3518 privatorum
2727 3410 2846 3488 offi-

910 3512 1192 3590 ciorum
1213 3569 1243 3608 ,
1288 3513 1366 3588 ὅ(
1394 3514 1712 3590 munium
1748 3540 1992 3592 eorum
2015 3574 2036 3608 ,
2065 3518 2186 3617 qni
2211 3519 2600 3608 seceffione
2627 3519 2708 3592 ab
2741 3514 2844 3587 Or·

912 3612 1201 3690 dinibus
1258 3611 1449 3688 facta
1507 3613 1606 3687 in·
1650 3614 2050 3690 clientelam
2112 3618 2274 3694 suae
2346 3614 2750 3695 Serenitatis
2797 3607 2849 3682 se
2942 3611 2943 3620 '

910 3708 1259 3784 dederant
1294 3765 1317 3798 ,
1366 3710 1644 3786 mentio
1675 3711 2072 3808 incidisset,
2118 3713 2200 3790 δε
2235 3716 2439 3808 illos,
2485 3729 2851 3817 quamquam

910 3829 1142 3904 neque
1176 3807 1340 3882 belli
1380 3808 2061 3888 administrationem
2093 3869 2115 3904 ‚
2163 3838 2400 3916 neque
2427 3813 2856 3892 Praefefflras

692 3949 700 3954 ·
758 3949 788 3984 s
912 3903 1233 4000 publicas
1288 3923 1658 4004 tangerent
1691 3963 1718 4000 ,
1778 3908 1918 3984 esl'e
1984 3913 2476 3992 dimovendos
2548 3912 2734 3990 Sillio
2783 3926 2856 3977 ex

916 4003 1271 4083 ordinum
1328 4003 1622 4115 decreto
1695 4007 2066 4106 videretur
2101 4066 2125 4104 ,
2189 4012 2310 4112 qui
2377 4038 2466 4090 ea
2522 4023 2856 4090 tener-enm
2939 4025 2942 4040 ¹

902 4124 1059 4194 ‚non
1088 4102 1530 4185 obstantibus
1560 4105 1647 4186 iis
1663 4157 1694 4203 ‚
1740 4129 1922 4210 quae
1965 4109 2061 4186 de
2112 4113 2591 4196 transaffione
2628 4125 2863 4186 memo.-

918 4249 943 4270 ·
1149 4215 1175 4298 ',
1865 4225 1870 4232 “
2736 4218 2864 4284 rata
