3017 5200
1620 500 1657 600 <
1752 508 1890 577 262
1984 498 2043 626 A>

848 694 966 763 Sed
997 712 1178 763 taceo
1194 741 1219 776 ,
1261 694 1449 763 divos
1481 710 1564 756 ne
1595 694 1782 761 verba
1822 684 2116 777 procacia
2150 708 2449 778 tangant,

935 795 1126 863 Neve
1172 799 1414 865 traham
1463 799 1627 881 turpi
1673 818 1755 863 ex
1800 799 2127 880 impietate
2178 817 2422 862 notam.

851 896 964 965 Tu
995 902 1148 987 fuge
1177 903 1238 967 ὅ(
1269 900 1562 968 obscuras
1592 902 1809 985 procul
1840 902 2167 984 hinc‘pete
2196 896 2439 966 Naevia
2472 899 2731 988 sylvaS,

933 1004 1088 1075 Non
1137 1027 1209 1071 ea
1257 1005 1560 1070 turbanda
1600 1001 1691 1069 est
1738 1004 1863 1071 hoc
1908 1004 2233 1071 Camarina
2282 1008 2448 1073 loco·

856 1104 1051 1175 Nunc
1084 1128 1220 1175 mea
1245 1128 1374 1194 quo
1407 1104 1689 1190 possum,
1734 1128 1861 1173 non
1890 1100 2025 1194 'quo
2042 1110 2235 1191 vole,
2282 1110 2549 1175 carmine
2567 1104 2784 1176 tester

941 1212 1222 1290 Gaudia,
1267 1212 1584 1297 perpetuis
1624 1212 2077 1295 aequiparanda
2120 1214 2325 1280 bonis,

854 1320 1104 1388 Gaudia
1146 1341 1256 1406 per
1291 1316 1559 1385 nostram
1594 1314 1720 1385 non
1755 1321 2090 1387 emrranda
2122 1320 2501 1386 Camoenarn
2524 1348 2583 1404 ‚·
2648 1292 2659 1340 ⁸

838 1463 851 1475 .
937 1424 1231 1491 centeno
1275 1438 1629 1507 quanquam
1670 1437 1929 1507 gutture
1976 1426 2038 1491 ἂ
2074 1444 2187 1491 ore
2222 1426 2407 1515 boet..

857 1531 1149 1618 Namque
1175 1550 1296 1615 ego
1329 1528 1374 1597 fi
1401 1531 1651 1617 cupiam
1686 1549 1877 1597 verna
1922 1530 2379 1597 inconstantius
2418 1551 2558 1599 aura

941 1636 1200 1717 nectus,
1249 1634 1328 1705 &¹
1368 1631 1669 1701 instabilis
1710 1634 1923 1701 dicere
1966 1634 2195 1699 mentis
2237 1652 2436 1717 opus,

863 1739 954 1807 Ut
994 1760 1162 1807 nova
1202 1736 1510 1805 diversum
1550 1754 1663 1819 per
1696 1737 1927 1821 gaudia
1962 1738 2137 1804 mille
2180 1740 2437 1805 volutet

941 1852 1101 1933 Spes
1129 1850 1447 1927 animum,
1493 1846 1553 1910 ἀ
1588 1846 1745 1910 tanti
1780 1846 2099 1925 nominis,
2142 1844 2377 1930 Heme,
2416 1849 2663 1931 decus,

857 1953 1106 2019 Urceus
1148 1949 1388 2016 institui
1435 1966 1707 2033 coeptus
1752 1970 1946 2035 porro
1988 1952 2287 2035 amphora
2328 1955 2481 2042 fiat,

941 2056 1154 2121 Litera
1197 2057 1259 2121 ἀ
1306 2058 1625 2138 ingentem
1674 2054 1915 2123 crescat
1962 2059 2030 2122 in
2078 2058 2419 2125 historiam.

739 2140 744 2147 ¹
853 2164 944 2231 At
987 2160 1133 2228 satis
1172 2159 1266 2227 est
1309 2157 1531 2224 dixiffe
1572 2159 1725 2238 tibi,
1770 2159 1877 2243 qui
1923 2150 2149 2243 gaudia
2190 2178 2411 2229 vatum

913 2266 1211 2349 ‘Noscis3
1253 2265 1348 2332 nil
1375 2263 1577 2330 donis
1616 2262 1852 2349 gratius
1896 2263 2025 2329 effe
2067 2266 2213 2333 tuis.

857 2378 1032 2447 Diva
1075 2382 1446 2461 poetarum,
1497 2374 1561 2439 ὅ(
1608 2372 1821 2455 paucis
1870 2374 2032 2438 bene
2078 2390 2232 2440 nota
2282 2376 2585 2464 voluptas

885 2492 894 2501 ‘
943 2484 1208 2553 Scilicet
1255 2480 1348 2545 est
1397 2478 1639 2549 cunctis
1687 2482 2094 2549 anteferenda
2134 2485 2369 2553 bonis.‘

859 2575 1070 2683 Quem
1119 2583 1365 2670 placido
1409 2596 1649 2648 recreat
1696 2579 1998 2650 secretum
2046 2584 2285 2652 lumine
2330 2584 2518 2669 Clio,

944 2693 1094 2760 Hoc
1140 2689 1297 2754 nihil
1348 2687 1412 2752 in
1458 2687 1642 2753 terris
1685 2688 1903 2770 laetius
1950 2688 2077 2755 effe
2125 2689 2358 2773 potest.

859 2797 1042 2869 Haec
1069 2797 1308 2862 animos
1345 2791 1535 2860 solvit
1566 2795 1769 2872 curis,
1816 2793 1877 2860 ἀ
1920 2794 1985 2860 in
2016 2794 2263 2860 aethera
2303 2797 2522 2878 tollit,

943 2907 1178 2976 Vivere
1223 2905 1519 2970 mortales
1572 2902 1725 3000 haec
1775 2903 1901 2970 fine
1938 2923 2140 2973 morte
2183 2907 2367 2977 facit.

863 3019 1055 3087 Certe
1087 3035 1206 3098 ego
1235 3015 1272 3096 ζ
1292 3015 1352 3080 ni
1389 3029 1679 3082 veterum
1708 3013 1933 3087 fallant
1963 3017 2275 3104 praesagia
2306 3024 2577 3106 vatum)

943 3121 1260 3206 Effugiam
1307 3120 1584 3186 flammas
1632 3119 1911 3203 funeris,
1962 3124 2197 3211 Hess'e,
2245 3129 2391 3196 mei.

861 3250 1073 3329 Atque
1111 3259 1226 3305 tuo
1271 3237 1480 3301 vivam
1526 3235 1855 3303 defunctus
1902 3241 2213 3323 carmine,
2251 3241 2419 3310 fama

943 3343 1332 3425 Conspicuus
1373 3341 1595 3406 calami
1638 3359 1765 3406 non
1821 3347 2131 3412 moriente
2172 3351 2287 3418 tui.
2402 3425 2415 3436 .

859 3454 990 3546 Q.ii
1028 3450 1218 3517 modo
1249 3445 1291 3513 fi
1323 3447 1521 3512 arenti
1551 3445 1907 3514 cecidissem
1939 3451 2189 3549 vistima
2216 3455 2426 3538 febri,

946 3558 1076 3638 jam
1119 3552 1363 3617 fueram
1403 3547 1650 3614 obscuri
1694 3552 1855 3618 caffa
1890 3551 2107 3622 favilla
2150 3561 2309 3644 rogi.

859 3660 1138 3731 Nomina
1173 3676 1290 3724 nec
1323 3659 1615 3742 cuiquam
1657 3662 1994 3742 patuissent
2040 3669 2247 3738 nostra
2286 3690 2641 3762 nepotum,

943 3757 1225 3832 Nomina
1267 3761 1610 3836 visceribus
1652 3776 2085 3846 concumulata
2130 3779 2276 3851 suis.

1371 3885 1390 3912 Q

2702 3900 2823 3968 sed
