3017 5200
639 427 1896 554 vitriarium-10.
2120 357 2299 526 mn}

335 625 574 716 dines
618 623 1094 708 exulceratus
1139 619 1529 724 elucescit,
1574 643 2021 734 ’numquam
2073 645 2307 716 antea

337 743 455 848 ab
490 739 676 834 uilo,
727 736 814 818 ni
849 729 1127 835 fallor,
1182 733 1581 843 Scriptote
1616 733 2087 844 productae,
2146 741 2315 826 edi-

203 931 216 946 χ
351 851 439 938 di
491 855 567 938 in
617 845 774 930 fine
833 845 1058 958 hujus
1101 845 1599 950 Volumian,
1658 845 2163 958 depromtum
2204 879 2307 938 ex

351 958 640 1048 Codice
658 957 814 1042 Ms.
845 1011 874 1058 ,
915 983 1074 1066 quo
1105 957 1436 1065 plurima
1479 960 1626 1050 alia
1662 957 1973 1049 istorum
2010 981 2315 1073 tempo·

350 1103 510 1160 rum
565 1070 684 1154 ad·
723 1095 844 1154 res
903 1069 1158 1176 Belgii
1233 1069 1607 1156 facientia
1658 1072 2313 1180 continebantur,

349 1208 724 1298 quemque
780 1179 1330 1264 Nobiliffimus
1381 1179 1472 1264 C.
1507 1179 1714 1264 Baro
1766 1180 1866 1266 de
1912 1184 2121 1272 Proli
2154 1215 2315 1274 me.

345 1325 521 1386 cum
585 1292 1248 1396 communicavit,
1323 1317 1565 1400 quum
1635 1311 1819 1378 ante
1890 1293 2042 1381 hoc
2100 1301 2317 1385 bien-

338 1413 568 1495 nium
619 1403 1110 1513 Antverpiae
1141 1429 1322 1488 eum
1379 1401 1829 1504 inviserem,
1883 1433 1975 1491 ac
2020 1409 2325 1518 Biblio-

341 1523 653 1607 thecam
693 1515 1204 1624 Museumque
1269 1515 1413 1596 viri
1475 1513 2001 1600 humanissimi
2063 1521 2321 1606 lustra-

340 1661 512 1718 rem
532 1629 750 1714 iimul
778 1657 957 1713 cum
985 1624 1493 1738 Ampliffimo
1514 1685 1543 1726 ,
1564 1628 1648 1710 &
1684 1627 2089 1736 splendido
2111 1637 2319 1721 inter
2404 1701 2413 1708 „
2448 1717 2457 1724 ,
2486 1673 2493 1680 ·

342 1744 825 1856 VrbishuJus
843 1739 1207 1825 Proceres
1235 1742 2321 1852 ornamento,lsaacoSwec'1--

345 1857 464 1944 fio
490 1912 517 1956 ,
569 1859 879 1963 qui‘pro
918 1851 1303 1948 amicitia,
1350 1877 1500 1960 qua
1540 1854 1639 1937 ab
1675 1856 1830 1962 ipsa
1870 1882 1997 1938 me
2049 1865 2321 1962 juven·

357 1988 535 2057 tute
569 1967 1002 2075 prosecutus
1051 1961 1206 2065 est,
1260 1987 1388 2076 me
1437 1966 1801 2052 comitem
1862 1965 2323 2070 adsumserat
2446 1985 2451 1996 “

355 2076 881 2190 jucundissimi
974 2074 1272 2160 itineris
1303 2132 1333 2176 ,
1387 2075 1745 2186 *quando
1835 2107 1881 2162 a
1959 2082 2320 2192 Concilio

353 2197 722 2282 Statuum
755 2247 782 2290 ,
839 2195 1050 2286 cuius
1115 2185 1588 2274 honoratum
1631 2210 1825 2276 tunc
1883 2196 2320 2280 membrum

353 2323 568 2415 erat,
641 2306 720 2386 in
764 2301 826 2384 F
829 2297 1202 2386 landriam
1247 2298 1346 2385 ad
1387 2303 1887 2388 munimenta
1929 2329 2161 2417 atque
2200 2335 2323 2392 ar·

353 2415 868 2504 mamentatia
904 2415 1058 2497 illic
1089 2413 1564 2530 inspicienda
1602 2419 2076 2520 mittebaturss

471 2521 827 2615 Partibus
859 2523 996 2627 fibi
1026 2522 1164 2721 ag.
1191 2525 1600 2611 Austriaco
1630 2525 2117 2614 demandatis
2140 2555 2327 2639 quo-

363 2638 612 2727 modo
633 2635 1046 2747 defunCtus
1123 2640 1318 2723 uerit
1353 2637 1730 2739 Schetus,
1750 2640 1921 2723 satis
1946 2637 2329 2754 descripfit

367 2753 522 2861 ipse
555 2753 636 2834 in
675 2750 822 2834 hoc
861 2747 1450 2835 Commentario
1474 2808 1502 2851 ,
1560 2776 1662 2834 ex
1700 2778 1857 2857 quo
1904 2775 2123 2863 patet
2162 2782 2330 2867 qui-

364 2863 593 2971 dem,
623 2861 1434 2949 Grobbendonckium
1473 2860 1790 2949 diversis
1824 2866 1965 2949 illis
2006 2872 2332 2979 legatio-

363 2977 590 3063 nibus
664 2974 1064 3061 Ordinum
1119 2978 1448 3065 nomine
1520 2973 1619 3059 ad
1662 2974 2145 3063 Austriacum
2214 3009 2331 3067 re..-

361 3108 802 3188 meantem,
862 3083 1387 3171 moderatiora
1426 3087 1581 3195 ipsa
1621 3086 1932 3172 suadere
1981 3093 2063 3173 &
2096 3094 2334 3173 incui-

369 3228 542 3301 care
615 3198 964 3291 adnisum
1043 3197 1288 3283 fuisse.
1403 3197 1583 3283 Sed
1674 3198 1919 3283 calida
2006 3204 2331 3285 aliorum

369 3308 695 3417 consilia
739 3314 1086 3395 secutum
1136 3314 1262 3393 vel
1321 3310 1731 3395 ambitioni
1786 3313 1956 3396 suae
2008 3308 2336 3399 velifica-

369 3446 548 3507 tum
625 3421 1112 3505 Austriacum
1188 3425 1338 3529 (t)
1411 3424 1801 3507 acerbiora
1882 3426 2335 3529 praetuiiffe.

367 3530 1088 3653 Nonjnprobaffe
1163 3556 1426 3620 tamen
1494 3534 1804 3623 videtur
1867 3542 2034 3649 (v)
2100 3538 2337 3623 Sche-

1826 3681 1833 3691 ·
2165 3672 2339 3758 tus,

371 3886 392 3901 ,
451 3815 581 3899 (t)
622 3814 790 3881 Vide
833 3833 972 3902 pag.
1020 3836 1150 3903 33·
1166 3836 1276 3903 39.

459 3899 606 3985 (v)
654 3900 761 3967 Sic
823 3904 998 3987 enim
1058 3917 1204 3987 pag.
1248 3920 1380 4038 ἐξ
1417 3898 1695 4094 s-cgssbit}
1748 3901 2050 3973 Accurate
2088 3902 2350 4055 Ordircties

1339 4018 1350 4037 ι
1441 4012 1481 4039 ἰ-
1530 4015 1570 4037 ‹-
2230 4010 2258 4055 e
2299 4011 2357 4059 o·
