3017 5200
810 484 927 591 «μό
1070 480 1274 585 (μετ’.
1328 478 1605 577 scum-1
1657 474 1902 555 Comt.
1946 494 2058 555 -nn
2106 499 2290 557 nen
2333 484 2561 563 rui-tn

815 657 969 757 pias
1012 650 1193 729 intra
1240 651 1522 727 moenia
1563 652 1974 750 recepissent
1999 712 2020 746 ,
2086 654 2184 729 illi
2232 662 2442 755 paulo
2500 678 2661 737 ante
2705 650 2770 737 in

820 777 1057 847 arcem
1114 752 1388 849 recepti
1444 742 1635 828 fasta
1689 750 1917 827 subito
1981 756 2348 851 eruptione
2408 756 2570 855 post
2619 758 2772 833 hora

814 851 1067 927 rendas
1116 850 1369 923 caedes
1419 850 1669 923 urbem
1717 851 1930 925 totius
1997 854 2312 951 Europae
2363 858 2770 953 opulentiffi-

714 948 742 961 ”
814 974 1005 1025 mam
1052 946 1399 1045 diripiunt
1448 1002 1470 1037 ‚
1536 941 1858 1044 ferroque
1915 946 1993 1021 δε
2049 950 2212 1047 igne
2245 954 2776 1053 depopulantur.-

812 1044 911 1126 Et
964 1072 1123 1123 cum
1174 1046 1528 1121 victorum
1571 1044 1866 1120 arbitrio
1915 1048 2024 1143 jus
2080 1072 2526 1127 exerceretur
2575 1109 2603 1145 ‚
2667 1051 2782 1151 qui

814 1144 1265 1245 supererant,
1305 1144 1489 1243 quasi
1517 1168 1732 1241 parva
1770 1143 2106 1243 supplicia
2137 1148 2502 1243 caedibus,
2542 1150 2780 1225 incen-

814 1245 951 1321 diis
987 1240 1064 1318 δε
1101 1242 1372 1341 rapinis'
1406 1242 1682 1316 luiss'ent
1705 1299 1726 1333 ‚
1776 1242 1998 1317 vitam
2036 1244 2605 1347 poffeffionesque
2641 1248 2782 1323 suas

812 1344 1168 1417 redimere
1190 1360 1572 1439 coguntur.
1607 1340 1771 1446 Quo
1787 1340 1976 1415 facto
2009 1344 2182 1418 nihil
2213 1346 2516 1421 atrocius
2539 1340 2689 1420 His
2719 1372 2784 1421 aa

811 1442 887 1517 ni
916 1456 1275 1541 patrarunt
1305 1460 1606 1535 unquam
1631 1494 1653 1529 ,
1703 1460 1934 1537 neque
1965 1443 2221 1541 Belgae
2255 1444 2655 1543 ignominio
2709 1470 2778 1519 us

808 1542 979 1637 paffi
1003 1538 1158 1611 sunt
1181 1564 1203 1627 3
1224 1534 1518 1635 cumque
1548 1536 1690 1610 hoc
1725 1536 2053 1612 omnibus
2080 1538 2493 1618 nationibus.
2509 1568 2779 1619 execra-

815 1638 956 1725 bile
990 1635 1173 1709 foret
1194 1693 1214 1725 ‚
1268 1634 1688 1732 impunitate
1722 1632 2066 1710 tamenin
2101 1638 2457 1715 licentiam
2490 1643 2777 1718 receffit.

906 1736 1125 1811 Porro
1174 1732 1285 1808 his
1328 1734 1528 1807 malis
1572 1733 1651 1811 δε
1693 1732 2224 1833 ingravescente
2263 1737 2338 1811 in
2376 1740 2531 1813 dies
2566 1738 2779 1837 magis

810 1834 1169 1933 magisque
1210 1830 1564 1930 periculo,
1615 1857 1780 1907 cum
1824 1833 2204 1909 militarem
2241 1836 2425 1911 hanc
2480 1838 2779 1915 insolen-

810 1934 984 2009 tiam
1044 1930 1388 2029 majorem
1442 1932 1743 2031 aliquam
1824 1932 2093 2006 cladem
2157 1935 2510 2010 allaturam
2573 1961 2780 2035 appa⁴

804 2051 993 2107 reret
1024 2088 1046 2123 ‚
1111 2029 1237 2104 nisi
1286 2050 1563 2105 mature
1624 2028 2191 2130 compesceretur
2235 2088 2258 2123 ,
2331 2037 2566 2111 coacti
2631 2036 2784 2111 sunt

808 2129 1110 2206 Ordines
1154 2129 1467 2206 remedia
1525 2155 1898 2229 quaerere,
1966 2128 2042 2205 <Sc
2077 2156 2238 2205 cum
2277 2135 2542 2229 paratis
2581 2158 2786 2231 prae·

804 2227 994 2304 fidiis
1042 2227 1361 2325 publicae
1401 2228 1601 2302 saluti
1649 2246 1980 2305 accurate
2039 2254 2292 2303 cavere
2323 2286 2352 2321 .‚
2421 2245 2560 2328 quo
2630 2233 2788 2305 Bel-

856 2326 999 2401 ium
1039 2326 1421 2415 assiduitate
1454 2328 1802 2403 bellorum
1830 2352 2056 2427 paene
2083 2328 2436 2419 eversum,
2485 2326 2562 2403 δι
2594 2352 2787 2403 nunc
2946 2316 2952 2421 l

802 2353 1037 2501 denuo
1081 2424 1285 2499 novis
1324 2425 1630 2499 motibus
1661 2427 2056 2525 obje&t1m‚
2096 2426 2392 2524 repreffa
2427 2424 2784 2501 seditioso-

802 2550 963 2601 rum
997 2524 1286 2601 audacia
1309 2581 1329 2615 ,
1382 2524 1469 2600 ab
1503 2521 1807 2629 interitu
1839 2526 2331 2619 vindicarent,
2365 2527 2455 2602 ad
2489 2549 2788 2624 eamque

802 2627 1276 2700 neceffitatem
1323 2623 1660 2729 compulsi
1703 2625 1859 2699 sunt
1890 2683 1911 2718 ‚
1981 2645 2062 2700 ut
2099 2626 2485 2700 Auraicum·
2514 2624 2781 2724 Princi-

803 2747 967 2822 pem
989 2781 1012 2816 ,
1061 2721 1179 2797 cui
1215 2711 1441 2820 patria
1474 2721 1663 2819 prius
1692 2723 2142 2798 interdictum
2170 2725 2402 2798 fuerat
2425 2781 2446 2814 ‚
2482 2724 2574 2796 ad
2608 2724 2785 2822 ejus-

804 2822 969 2895 dem
1025 2823 1319 2895 tutelam
1372 2841 1774 2897 evocarent.
1887 2824 2000 2896 Ita
2030 2840 2106 2893 ut
2136 2817 2251 2894 ille
2287 2817 2479 2895 exilii
2524 2820 2788 2918 injuria

803 2921 1056 2994 clarior
1080 2919 1434 3010 redditus,
1484 2920 1678 2992 malis
1715 2918 2041 2993 civilibus
2064 2914 2140 2992 ἃ.
2181 2937 2585 2992 exterorum
2617 2945 2786 3016 pro*

804 3020 1071 3096 terviae
1105 3018 1474 3118 arbiter&
1526 3017 1794 3090 vindex
1849 3017 2296 3114 deligeretur..
2395 3011 2700 3092 Unione
2732 3017 2784 3092 i·-

808 3137 1016 3216 taque
1051 3117 1127 3192 <Sc
1162 3117 1445 3194 foedere
1477 3113 1793 3188 invicem
1830 3114 1970 3188 sese
2015 3114 2402 3212 obligantes
2437 3116 2776 3192 Pacifica-

806 3216 1021 3291 tionis
1070 3214 1439 3292 formulam
1482 3213 1730 3288 oslava
1757 3210 2198 3290 Novembris
2253 3215 2585 3289 Gandavi
2621 3239 2799 3312 pro-1,
2891 3273 2924 3288 -

804 3319 1142 3415 mulgant.
1250 3317 1412 3388 Hoc
1440 3311 1729 3410 quidem
1766 3311 2014 3386 fecere
2043 3311 2168 3410 ipfi
2202 3311 2581 3388 necessario
2633 3338 2770 3388 ma-

806 3414 919 3512 gis
938 3437 1152 3514 ‘quam
1184 3412 1635 3501 voluntarie,
1693 3437 1831 3507 quo
1887 3412 2172 3485 tandem
2224 3413 2404 3485 bello
2453 3405 2774 3488 civili&

806 3513 1151 3588 intestinis
1212 3511 1493 3586 urbium
1560 3509 1978 3584 fac‘tionibus
2033 3511 2196 3584 finis
2270 3509 2774 3608 imponeretur.

806 3613 1073 3686 Datum
1107 3635 1343 3687 tamen
1373 3608 1447 3682 id
1475 3608 1618 3682 fuit
1643 3607 1920 3692 crimini
1950 3631 1990 3679 a
2017 3609 2394 3706 plerisque,
2437 3611 2636 3706 quod
2672 3609 2771 3683 in-

738 3728 743 3736 '
808 3711 1123 3788 consulto
1183 3714 1384 3806 Rege
1434 3732 1597 3780 cum
1659 3703 1970 3792 hostibus
2024 3705 2523 3802 transegissent.
2631 3701 2772 3783 Sed

807 3809 881 3885 id
931 3810 1193 3886 saetam
1238 3835 1278 3881 a
1315 3805 1618 3878 Concilii
1657 3803 1872 3902 Regii
1924 3803 2385 3879 inauthoratis
2418 3829 2550 3902 per
2593 3807 2778 3884 litte·
2951 3869 2953 3876 .

808 3933 920 3984 ras
947 3908 1357 3980 excusatum
1393 3903 1493 3974 est
1518 3959 1538 3992 ,
1592 3924 1815 3998 neque
1852 3929 1892 3976 a
1923 3903 2242 3999 Concilio
2281 3922 2562 3978 tantum
2585 3959 2609 3993 ‚
2661 3902 2782 3979 sed
2949 3905 2953 3996 l

808 4009 895 4081 ab
940 4004 1099 4104 ipsis
1134 4024 1412 4106 quoque
1445 4001 1868 4096 Ordinibus,
1919 4001 2044 4102 qui
2079 3999 2154 4080 ἃ
2193 4005 2472 4102 Regem
2511 4003 2794 4106 ipsum,

1386 4164 1419 4199 ‚
1710 4133 1716 4140 ·
2644 4124 2795 4178 tum
