3017 5200
340 1717 391 1755 ²4.

778 501 927 611 με
1026 500 1226 585 Cast.
1278 488 1564 579 senen
1609 482 1856 579 Coun.
1907 522 2007 580 nr.
2048 490 2234 583 'nea
2288 524 2520 585 mna

784 678 1213 762 concordiae
1256 676 1552 754 solemni
1599 676 1834 753 edicto
1884 681 2342 759 confirmatae
2381 680 2587 785 pasta
2643 706 2756 758 cu-

777 804 894 860 rae
918 781 1035 857 vel
1067 777 1269 856 cordi
1298 778 1475 869 fint3
1529 776 1714 878 quod
1745 778 2032 877 quidem
2061 782 2370 857 edictum
2401 804 2753 884 nunquam

776 878 865 957 fit
906 878 1132 997 passus
1166 900 1295 977 per
1330 875 1814 955 Praefecturae
1872 876 2034 952 suae
2078 881 2485 978 provincias
2526 882 2750 983 publi·
2819 979 2824 982 -

778 980 951 1064 c‘arl.
1052 974 1423 1057 Accedere
1466 974 1559 1049 ad
1601 975 1780 1050 haec
1816 974 2121 1053 detestas
2156 979 2711 1077 conspirationes
2731 1038 2752 1073 ,

772 1078 1023 1180 quibus
1072 1073 1353 1167 insidias
1393 1072 1525 1149 fibi
1567 1073 1826 1173 pofitas
1866 1074 2278 1153 indubitatis
2324 1078 2612 1171 indiciis
2643 1103 2756 1152 co-

774 1173 1110 1293 gnoverit
1146 1200 1165 1251 τ
1228 1173 1314 1249 iis
1358 1173 1730 1249 enimvero
1777 1174 1868 1249 de
1913 1174 2128 1249 caufis
2164 1234 2184 1271 ‚
2255 1200 2475 1277 neque
2525 1175 2758 1253 videri

732 1346 739 1355 .
778 1276 913 1352 fibi
956 1295 1191 1352 tutum
1244 1295 1475 1386 neque
1525 1272 1712 1369 ipsos
1751 1291 2010 1370 „petere
2067 1298 2364 1373 aequum
2421 1274 2562 1349 effe
2589 1332 2617 1366 ,
2681 1297 2755 1350 ut

768 1374 1053 1477 penitus
1097 1372 1168 1447 se
1210 1396 1407 1448 omni
1442 1369 1694 1467 militia
1722 1392 1940 1447 exuat
1961 1430 1984 1465 ‚
2036 1373 2164 1447 nifi
2193 1374 2384 1471 prius
2413 1373 2586 1477 quid
2612 1374 2751 1449 Au-

773 1475 1012 1551 raicae
1049 1471 1386 1571 Ptinceps
1428 1470 1800 1561 moliatur,
1853 1469 2131 1570 dequei
2187 1472 2315 1547 ssus
2356 1491 2601 1547 mente
2630 1472 2752 1547 fibi

774 1572 1094 1662 constet,
1145 1592 1353 1670 quam
1394 1570 1516 1644 ubi
1559 1569 1992 1663 intellexerit
2026 1625 2051 1660 ,
2241 1570 2331 1645 de
2365 1571 2754 1682 religione,

771 1672 1011 1846 ggque
1058 1668 1507 1747 observantia
1547 1690 1712 1767 erga
1763 1669 2044 1766 Regem
2089 1668 2340 1769 suaque
2371 1669 2747 1745 secuntate

919 1770 1021 1846 ite
1057 1788 1347 1849 cautum
1400 1767 1527 1843 fibi
1560 1766 1643 1840 fit
1665 1824 1687 1858 ,
1738 1790 2067 1867 prompte
2115 1767 2188 1843 se
2236 1788 2467 1868 neque
2507 1786 2747 1868 grava-

750 1870 915 1947 'tim
953 1870 1040 1944 ab
1088 1868 1298 1945 armis
1343 1866 1673 1963 omnibus
1719 1864 2158 1947 recessurum.
2263 1868 2500 1973 Quam
2538 1865 2750 1942 aCtio-

774 1987 945 2065 nem
979 1988 1269 2049 omnem
1290 1965 1485 2063 ,post
1532 1962 1702 2038 uam-
1724 1968 2075 2042 Bruxellas
2093 1968 2264 2043 VII.
2294 1968 2548 2045 Iduum
2576 1966 2751 2064 ejus-

772 2068 938 2145 dem
969 2064 1221 2139 mensis
1260 2064 1471 2160 Augu
1539 2062 1556 2075 '
1593 2060 1938 2140 rediissem
1960 2120 1984 2153 ,
2037 2064 2126 2137 ad
2155 2064 2468 2142 Ordines
2515 2087 2759 2138 coram

768 2163 1143 2255 oratione,
1188 2162 1296 2236 uti
1326 2161 1400 2247 in
1452 2159 1806 2253 mandatis
1861 2160 2253 2253 habebam,
2302 2160 2762 2259 prosecutu33

768 2258 1185 2347 renunciavi
1211 2317 1231 2351 ‚
1267 2258 1502 2338 multis
1528 2257 1553 2331 i
1607 2258 1714 2333 sos
1745 2259 2092 2361 variisque
2120 2259 2508 2334 rationibus
2534 2315 2555 2351 ,
2587 2282 2760 2356 quas

771 2362 1088 2445 maxime
1140 2358 1405 2442 validas
1437 2378 1483 2449 s
1527 2282 1610 2438 ιζ
1667 2356 1759 2431 ad
1825 2358 2285 2435 concordiam
2322 2376 2748 2455 promoven-

772 2460 963 2541 dam·
1002 2455 1586 2539 accommodatas
1645 2454 2074 2547 arbitrabar,
2147 2456 2532 2529 exhortans
2569 2510 2595 2546 ,
2663 2472 2752 2531 n'e
2794 2547 2801 2554 .

774 2557 1325 2661 praepositiones
1368 2555 1528 2631 suae
1577 2554 1985 2634 Sere-nitatis
2047 2554 2207 2630 satis
2286 2576 2536 2655 aequas
2564 2611 2587 2646 ‚
2673 2550 2752 2632 δε

774 2659 1175 2747 ‘moderatas
1236 2654 1497 2730 diutius
1539 2653 1612 2728 in
1670 2651 2151 2752 quaestionem
2207 2673 2546 2728 revocare
2605 2655 2748 2728 vel-

772 2761 964 2847 lent,
990 2753 1173 2846 ·cui,
1222 2753 1272 2828 fi
1294 2751 1477 2854 justa
1506 2754 1754 2851 petat,
1803 2751 2123 2849 iniquum
2153 2809 2175 2844 ,
2230 2749 2280 2824 fi
2314 2750 2749 2842 tolerabilia,

773 2854 1247 2946 inconsultum
1298 2873 1446 2925 non
1497 2845 1804 2930 ass‘entiri
1844 2906 1867 2941 ,
1929 2849 2008 2926 ἃ
2045 2849 2538 2950 acquiescere,
2589 2875 2751 2934 cum

770 2969 926 3044 tot,
974 2969 1351 3050 tantaeque
1398 2946 1881 3039 difficultates,
1937 2969 2044 3023 tot
2089 2948 2592 3042 incommoda,
2643 2967 2748 3024 tot

769 3052 1133 3159 pericula,
1181 3048 1232 3122 fi
1264 3049 1526 3122 bellum
1556 3045 2005 3146 suscipiatur,
2055 3049 2199 3124 sese
2235 3047 2590 3139 offerant3
2636 3071 2746 3123 ne·

770 3173 909 3252 que
966 3149 1043 3223 id
1108 3171 1152 3220 a
1200 3165 1401 3235 tanta
1465 3144 1920 3220 'multitudine
1984 3148 2244 3246 absque
2304 3144 2755 3222 consiliorum·

772 3245 1191 3326 confufione
1239 3241 1319 3319 ἅ
1371 3242 1690 3320 omnium
1753 3243 2051 3342 denique
2101 3269 2333 3321 rerum
2382 3247 2740 3342 perturba-

770 3347 969 3430 tione
1030 3347 1249 3444 longo
1301 3363 1627 3440 ternpore
1670 3341 2138 3423 administrari
2183 3343 2420 3443 posse3
2473 3345 2742 3444 cogita·

768 3464 928 3530 rent
956 3449 1206 3520 cont'ra
1232 3439 1734 3540 Hispaniarum
1779 3461 2014 3516 tantae
2059 3442 2422 3539 potentiae
2465 3435 2741 3542 Regem

652 3643 656 3652 Ι
770 3542 850 3622 ἃ
876 3541 1279 3643 legitimum
1303 3539 1704 3637 Principem
1745 3540 1940 3614 suurn
1971 3537 2042 3612 se
2079 3559 2273 3616 arma
2307 3541 2736 3643 sompnum,

820 3643 961 3721 uod
1008 3667 1155 3722 non
1208 3639 1499 3715 difficile
1532 3638 1793 3729 m0d0‚
1845 3637 1965 3712 sed
2009 3635 2086 3717 ὅτ
2123 3639 2422 3738 impium
2473 3641 2735 3716 censeri

866 3743 1088 3834 beat3
1151 3763 1378 3838 neque
1431 3735 1835 3833 scrupulum
1895 3735 2051 3834 ipfis
2109 3737 2404 3840 aliquem
2447 3763 2734 3822 movem

771 3842 982 3932 d'um,
1032 3858 1155 3914 aut
1222 3838 1301 3911 in
1350 3835 1686 3910 sinistram
1733 3851 2011 3932 partem
2065 3835 2568 3936 accipiendum
2620 3861 2728 3927 me

762 3929 1210 4026 existimare,
1261 3931 1453 4032 quod
1484 3931 1600 4006 sua
1631 3933 1981 4011 Serenitas
2010 3935 2356 4010 munitum
2394 3933 2466 4011 in
2501 3938 2733 4018 locum

772 4039 843 4115 se
875 4033 1207 4126 dediss'et3
1243 4033 1507 4114 habere
1543 4031 1736 4112 enirn
1766 4032 1992 4131 ipsum
2027 4033 2262 4110 causas
2283 4091 2309 4129 ,
2353 4047 2486 4116 cur
2525 4035 2602 4110 id
2631 4035 2731 4110 fe-

2627 4155 2736 4222 ΩΦ*
