3017 5200
556 440 650 526 D
727 434 800 523 E
885 431 976 522 D
1066 433 1106 520 Ι
1187 433 1264 521 C
1337 437 1433 522 -A
1506 433 1601 521 T
1670 433 1709 520 Ι
1782 431 1891 522 0.

245 655 510 749 quam
555 626 1026 738 investigata
1073 647 1215 713 aut
1264 630 1534 713 minus
1606 628 2037 740 explorata
2082 647 2211 714 te-

248 771 514 840 nere,
591 743 674 828 &
737 743 846 828 fic
905 745 992 826 in
1063 741 1202 825 sua
1267 746 1531 853 patria
1610 745 1895 848 veluti,
1932 741 2209 856 hospi-

257 878 425 942 tem
469 883 561 940 ac
611 857 1152 968 peregrinum
1205 854 1505 938 versari
1537 916 1563 955 ,
1638 875 1887 968 turpe
1940 857 2025 940 δε
2054 883 2209 968 pu-

271 970 622 1055 dendum
647 969 808 1055 effe
829 969 1029 1066 illis,
1059 969 1352 1078 quivel
1371 968 1753 1054 curandis
1789 966 1874 1053 δε
1910 971 2209 1054 mode-

259 1083 520 1168 randis
551 1084 884 1168 Patriae
917 1079 1002 1163 &
1031 1079 1398 1166 Vrbium
1431 1081 1677 1164 rebus
1712 1079 1877 1189 jam
1916 1081 2211 1168 admo-

253 1199 314 1281 ti
344 1195 534 1290 sunt
565 1255 593 1294 ‚
648 1196 789 1280 vel
831 1191 1387 1308 Reipublicae
1436 1194 1883 1308 aliquando
1929 1223 2213 1308 capes-

243 1308 545 1394 sendae
586 1308 880 1418 justam
928 1303 1229 1390 fovent
1271 1304 1509 1417 ‘spem
1545 1366 1573 1404 ‚
1664 1310 2213 1422 quemadmo-

243 1423 459 1508 dum
501 1420 776 1508 Vobis
811 1479 838 1519 ,
909 1417 1096 1506 Viri
1141 1417 1499 1513 Illu-stres
1550 1419 1637 1503 &
1678 1421 2225 1532 prudentiffi-'

243 1539 430 1635 mi,
495 1533 1041 1646 ,ipso='rerum
1100 1531 1250 1619 usu
1299 1532 1633 1616 abunde
1683 1532 2209 1644 perspestum

196 1711 220 1730 ,
242 1670 428 1736 erat
460 1707 486 1746 ‚
560 1652 675 1733 ita
703 1645 806 1731 ad
834 1649 1443 1734 accuratiorem
1481 1646 2010 1758 Belgicarum
2048 1649 2214 1734 Hi·-

245 1763 690 1848 storiarum
748 1761 1139 1872 notitiam
1193 1762 1515 1843 animos
1582 1760 2065 1870 praesertim
2110 1766 2209 1848 il-

242 1879 528 1960 lorum
567 1936 593 1975 ‚
665 1899 878 1988 quos
925 1872 1441 1984 splendidior
1486 1871 1877 1958 nascendi
1905 1874 2077 1960 sors
2104 1878 2213 1964 ad

241 1987 573 2101 publici
615 1990 1043 2097 regiminis
1093 1983 1656 2098 gubernacula
1706 2009 1956 2073 vocat
1988 2049 2045 2088 ‚.
2084 1993 2214 2076 in-

243 2100 803 2187 flammandos
841 2160 868 2200 ,
943 2099 1028 2185 &
1073 2101 1419 2212 praevio
1467 2099 1773 2186 Vestro
1820 2108 2213 2215 exemplo

243 2213 744 2301 excitandos
792 2213 956 2298 effe
999 2211 1458 2310 censuistis,
1517 2241 1611 2298 ac
1649 2218 2007 2325 proinde
2038 2246 2212 2306 non

247 2328 520 2414 modo
570 2333 658 2414 in
713 2325 1114 2440 pre-:swa
1157 2325 1306 2410 sed
1355 2329 1606 2412 etiam
1652 2332 1737 2413 in
1788 2327 2215 2441 posterum

247 2441 474 2528 Vrbi
519 2441 864 2530 Vestrae
920 2439 1355 2526 consulere
1407 2441 1824 2539 voluistiS,
1885 2442 1968 2524 &
2014 2473 2217 2556 pro-

251 2581 552 2639 curare
589 2615 617 2653 ‚
680 2573 780 2639 ut
815 2579 994 2636 non
1037 2573 1362 2647 tantum
1409 2551 1681 2639 bonos
1734 2559 2047 2666 patriae
2098 2562 2228 2645 ci-a·

259 2694 412 2752 ves
443 2727 471 2765 ‚
536 2666 681 2752 sed
729 2664 820 2749 δε
867 2664 1218 2751 idoneos
1263 2696 1358 2751 ac
1399 2672 1731 2779 peritos
1780 2670 2219 2782 Reipubli-

254 2806 409 2866 cae
453 2779 542 2864 ἅτ
589 2780 936 2867 Civitati
983 2777 1178 2864 huic
1223 2778 1639 2866 Rectores
1692 2808 1801 2867 ex
1846 2784 1999 2870 hac
2056 2792 2221 2874 uti-

245 2892 538 2980 liffi-ma
578 2891 1011 2979 Fastorum
1069 2892 1154 2977 &
1208 2896 1663 2983 Annalium
1711 2897 2219 2990 Batavorum
2336 2929 2342 2934 ·
2395 2893 2399 2902 '

246 3006 790 3119 indagatione
857 3006 946 3090 &
999 3005 1344 3094 scientia
1393 3004 1748 3097 efficere
1796 3013 2225 3101 adlabora-

250 3124 496 3220 retiS,
553 3125 703 3236 qui
738 3119 905 3204 hoc
941 3122 1210 3207 veluti
1245 3124 1549 3234 clypeo
1584 3128 1927 3223 muniti,
1958 3142 2224 3241 quum·

253 3235 985 3322 administrationis
1029 3253 1308 3319 tantae
1365 3234 1723 3323 habenas
1790 3250 2041 3325 manu
2080 3271 2221 3329 ce·

251 3350 548 3463 perine
593 3376 689 3433 ac
754 3350 1242 3444 tenuerint,
1329 3346 1414 3433 &
1495 3351 1599 3435 ad
1684 3376 2225 3445 communem

254 3464 594 3551 Patriae
636 3460 984 3547 salutem
1037 3460 1679 3549 custodiendam
1713 3526 1742 3565 ,
1805 3464 1887 3552 V
1891 3466 2229 3606 rbisque

115 3606 120 3613 ·
254 3576 452 3665 suae
494 3578 677 3687 jura
717 3573 1030 3660 tuenda
1072 3576 1155 3663 se
1202 3570 1745 3663 sacramento
1772 3578 2228 3671 adstrinxe-

255 3690 436 3800 ri'nt
473 3750 503 3790 ,
573 3688 1034 3803 praesentia
1081 3711 1463 3803 tempora
1516 3720 1711 3778 cum
1755 3704 2226 3805 praeteritis

262 3806 532 3915 sagaci
565 3806 846 3890 animo
876 3802 1304 3904 conferre,
1361 3831 1470 3889 ex
1518 3811 1998 3895 remotioris
2040 3826 2225 3909 aevi

268 3916 484 4005 affls‘
511 3919 649 4004 sua
713 3918 1046 4004 consilia
1088 3917 1591 4030 depromere
1652 3928 1760 4005 ac
1794 3923 2159 4037 dirigere
2194 3996 2224 4035 ‚

261 4029 410 4134 ἃ,
462 4036 652 4147 quia
713 4033 1055 4121 mutatis
1112 4054 1434 4152 tantum
1485 4034 1859 4147 personis
1921 4041 2257 4135 eadem·

1068 4165 1073 4170 ’
2043 4159 2222 4269 ple·-
2331 4195 2339 4204 ·’

2465 2605 2472 2613 .
2500 2564 2509 2599 l
