3017 5200
528 464 637 565 Jo.
689 464 1091 541 Ausramc.
1140 483 1235 539 u·
1284 465 1479 539 Onu.
1534 465 1923 542 Bezereos.
2123 475 2242 561 ¹69?

254 643 553 741 procul,
590 634 773 714 Arce
799 638 1261 713 Namurcenfi
1290 638 1548 712 tradita
1570 694 1590 728 ,
1630 639 2092 737 impetratura
2115 642 2223 716 vi-

255 741 511 825 deatur
546 797 565 831 ,
630 737 957 813 nimirum
1022 756 1101 809 ut
1155 736 1487 837 Hollandi
1541 738 1960 837 Zelandique
2001 738 2227 837 pastis

254 838 785 935 praescriptam,
836 858 1177 933 quamque
1218 858 1345 931 per
1378 836 1854 931 jusJurandum
1897 860 2212 911 commu-

252 937 334 1009 ni
364 935 685 1010 consensu
715 934 1165 1045 promiserint
1185 990 1206 1023 ,
1240 932 1475 1006 Ediffi
1502 934 2066 1009 conciliationem
2111 936 2212 1009 se-

256 1054 583 1131 quantur,
633 1032 1035 1129 Prmcipem
1078 1031 1465 1105 Auraicum
1508 1032 1982 1129 inexplicabili
2031 1034 2212 1109 diffi-

256 1134 511 1205 cultate
566 1131 1079 1207 involvendum
1128 1128 1359 1203 videri
1400 1130 1487 1203 ad
1537 1132 1694 1202 eam
1742 1132 2224 1210 neceffitatem.

252 1229 728 1327 compulsum,
778 1247 857 1303 ut
905 1249 1023 1304 aut
1074 1227 1463 1324 neglectum
1496 1227 1810 1301 officium
1843 1230 2216 1324 agnoscat,

247 1326 328 1408 ,δε
384 1327 717 1403 resarciat
748 1383 769 1417 ,
834 1347 953 1401 aut
996 1326 1139 1423 ipsa
1191 1348 1271 1399 re
1314 1325 1620 1407 declaret
1657 1350 1699 1403 a
1741 1326 2124 1403 communi·
2148 1328 2225 1411 se

242 1426 539 1501 foedere
572 1425 973 1500 desciscere.
1729 1436 1736 1446 “
1813 1506 1821 1519 ‚

343 1528 561 1599 Porro
589 1523 927 1621 particula
970 1522 1220 1619 scripti
1256 1581 1276 1613 ,
1326 1546 1460 1621 qua
1492 1524 1892 1599 Catholicae
1933 1525 2226 1624 religion'·

242 1621 354 1697 nis
390 1623 866 1697 observantiae
906 1622 1388 1695 consulebatur
1415 1679 1437 1711 ,
1492 1623 1917 1697 Hollandiae
1965 1623 2042 1698 ἃ
2084 1626 2218 1697 Ze-.

240 1721 519 1795 landiae
554 1720 879 1795 Delestos
929 1744 1072 1795 non
1124 1722 1375 1794 leviter
1425 1720 1732 1795 offendit
1765 1778 1786 1811 ,
1815 1722 1957 1820 qni
1999 1723 2210 1795 inter-

240 1839 504 1917 ceptae
548 1819 877 1921 epistolae
920 1821 1278 1916 exemplar
1334 1842 1480 1891 non
1527 1821 1729 1894 aliam
1781 1822 1874 1892 ob
1940 1825 2226 1895 causam·

243 1918 343 1991 ad
384 1919 764 1992 Auraicum
800 1917 1195 2015 Principem
1228 1918 1489 1991 deferri
1521 1937 1843 1994 curarunt
1866 1939 1984 2009 ,ut
2027 1916 2214 2017 apud

242 2039 454 2103 eum,
506 2019 634 2093 vel·
662 2016 789 2109 fibi
820 2017 1156 2113 gratiam,
1206 2018 1318 2089 wel
1367 2017 1542 2089 mihi
1589 2018 1832 2091 odium
1873 2022 2222 2115 procura-s

237 2132 443 2200 rent,
498 2114 663 2211 quid
688 2114 765 2186 in
812 2115 1106 2211 negotio
1130 2117 1275 2187 hoc
1312 2116 1666 2213 agendum
1695 2118 1925 2208 foret,
1993 2116 2220 2189 confi-.

230 2212 543 2317 ⁸deraret.
648 2214 801 2317 Qua
834 2235 972 2309 ego
1012 2214 1381 2288 'occasione
1420 2234 1695 2304 motuS,
1750 2240 1910 2289 curn
1955 2218 2214 2311 pleros-

245 2324 385 2405 que
434 2334 673 2384 eorum
727 2310 1169 2407 suggestione
1229 2304 1517 2407 operam
1571 2313 2016 2409 studiumque
2073 2312 2246 2387 hoo'

242 2432 483 2483 meum
505 2410 577 2482 in
596 2409 1133 2505 Rempublicam
1162 2434 1528 2506 perperam
1561 2410 1642 2483 δε
1665 2412 1967 2507 maligne
1991 2409 2231 2485 ⁴inter-2

243 2507 503 2604 pretari
577 2507 1213 2580 animadverterem
1248 2563 1269 2595 ,
1338 2509 1688 2606 purgandi
1719 2510 1890 2602 ¹mei
1963 2503 2254 2600 causa,'‘

245 2606 491 2702 scripti
546 2607 855 2682 rationes
906 2606 1088 2702 apud
1136 2606 1433 2700 Ordines
1466 2611 1696 2704 palam
1721 2607 2240 2704 explicabam‚2

246 2704 643 2786 confestam
726 2703 901 2790 mihi
976 2704 1052 2781 in
1145 2729 1307 2782 eum
1390 2707 1606 2783 finem
1677 2705 1880 2780 fuiffe
1957 2705 2217 2802 episto-1

242 2805 383 2886 lam
419 2860 440 2893 ‚
496 2821 573 2884 ut
624 2824 805 2880 voto
838 2802 977 2879 suo·
1004 2804 1305 2880 Or‘dines
1352 2805 1441 2876 de
1502 2807 1692 2880 Arce
1749 2804 2218 2880 Namurcenfi

239 2901 659 2997 potiantur,
728 2902 802 2977 id
876 2923 991 2974 me
1051 2901 1439 2997 procurasse
1472 2900 1644 2978 'fine
1707 2906 1841 2978 ulla
1903 2904 2220 3000 partium

240 2999 497 3097 injuria
537 3056 559 3088 ,
628 2995 837 3099 idque
910 2998 1249 3078 adhibitis
1302 2999 1429 3074 .&·
1488 3004 1822 3077 consultis
1891 3003 2206 3075 Proceri-

240 3102 379 3178 bus
463 3098 731 3196 aliquot‘
758 3157 778 3189 ,
857 3098 974 3195 qui
1038 3099 1349 3195 primum
1440 3099 1638 3194 inter.
1704 3100 1888 3196 ipsos
1969 3101 2224 3174 locum

242 3196 641 3272 obtineant.
737 3199 995 3294 Neque
1032 3198 1348 3276 dubitare
1378 3221 1527 3287 me,
1568 3201 1738 3297 quin
1781 3215 2058 3296 gratum
2091 3223 2218 3274 ac-,

242 3313 681 3392 ceptumque
708 3296 845 3372 hoc
881 3297 1204 3370 omnibus
1236 3297 1532 3372 fecerim
1556 3355 1576 3387 ,
1610 3321 1837 3394 eoque
1877 3295 2213 3385 maxime,

240 3393 435 3494 quod
470 3392 719 3487 sponte
768 3387 845 3467 δι’
884 3418 1027 3469 non
1078 3415 1310 3475 oratus
1346 3451 1367 3484 ,
1434 3419 1660 3494 neque
1721 3419 1957 3469 curam
2027 3394 2218 3474 solli-2,

240 3491 781 3588 citudinemque.
810 3516 1033 3570 meam
1077 3519 1210 3591 pro
1267 3495 1663 3592 Republica
1701 3493 2017 3590 jacians,
2069 3493 2214 3589 pri-2

246 3591 430 3670 vatis
460 3591 891 3686 sumptibus,
941 3617 1196 3689 magno
1236 3594 1473 3668 labore
1511 3592 1588 3668 ὃ(
1635 3593 1984 3689 inculpata
2025 3591 2208 3681 fide,

248 3711 380 3784 pro
418 3712 532 3781 ea,
583 3713 720 3787 qua
755 3689 872 3764 fim
906 3690 977 3770 in
1020 3691 1319 3788 patriam
1362 3689 1630 3788 pietate
1665 3748 1686 3780 ,
1751 3711 1908 3764 tota
1951 3689 2026 3764 in
2075 3690 2214 3768 hao„

248 3784 563 3878 afflone,
610 3808 809 3862 tanto
860 3789 1006 3885 jam
1042 3809 1375 3888 tempore
1408 3847 1432 3881 ,
1480 3789 2217 3890 promptumexpofin

248 3901 539 4004 tumque
597 3908 709 3991 gne
751 3889 1211 3990 praebuerim.
1436 3903 1442 3908 ’
1711 3902 1741 3966 '.
1836 3961 1846 3968 .
1955 3961 1969 3968 -

240 4003 263 4053 .-
361 4047 377 4069 ,
450 4005 463 4011 -
638 4025 689 4058 ,ὅ
1294 3989 1356 4085 E
1408 4013 1461 4094 3
2098 3983 2230 4078 Eia
