3017 5200
598 490 1205 573 nimiosus
1300 508 1429 565 nr.
1531 490 1830 566 PAcz.
2067 518 2205 587 149

231 666 629 741 toreddere
670 666 1049 755 difficilium
1079 664 1496 754 maximam,
1521 664 1596 739 ni
1636 663 1871 754 fallor,
1915 660 2060 737 vim
2096 668 2183 741 ad
2243 752 2245 755 Α

225 764 675 860 Majestatem
742 784 933 838 tuam
1008 764 1085 839 ἃ
1147 768 1299 837 suos
1360 787 1604 846 omnes
1651 764 2176 859 promovendos
2227 838 2230 841 ,

222 862 483 934 habere
534 862 739 937 debet
775 918 796 950 ‚
844 888 987 937 non
1042 862 1130 935 ad
1172 862 1565 938 faciendam
1605 861 1817 933 solum
1859 918 1879 950 ‚
1925 856 2187 935 verum‘

218 960 439 1035 etiam
456 960 539 1031 ad
560 962 1036 1034 maturandam
1064 964 1339 1050 Pacem,
1360 984 1447 1033 ne
1464 959 1780 1031 omnium
1810 960 2118 1031 laborum
2141 1016 2163 1049 ,

221 1058 690 1153 periculorum
724 1115 744 1147 ‚
812 1058 888 1133 <Sc
952 1060 1351 1155 sumptuum
1415 1058 1805 1131 nostrorum
1871 1056 2169 1133 fructum
2256 1114 2294 1137 ‘-

224 1155 399 1227 alter
444 1155 864 1250 intercipiat.
978 1158 1292 1229 Tantum
1354 1153 2168 1253 quippe,&·tamalte
2243 1192 2247 1199 ¹

220 1250 377 1341 his,
424 1276 588 1325 cum
638 1253 880 1349 quibus
922 1277 1107 1327 nunc
1139 1254 1386 1325 bellum
1440 1254 1778 1349 gerimus,
1847 1252 2166 1343 inlitum,

214 1348 367 1421 ..five
398 1350 556 1447 jure
606 1350 749 1423 five
799 1350 1088 1447 injuria,
1142 1350 1244 1422 est
1285 1348 1521 1423 odium
1569 1350 2040 1445 Hispanorum
2089 1348 2166 1422 &
2227 1442 2234 1449 .

204 1468 669 1522 externorum
706 1448 998 1521 militum
1035 1475 1055 1536 3
1108 1468 1338 1523 tantus
1370 1469 1594 1523 metus
1644 1472 1876 1519 earum
1911 1472 2169 1542 poena-

210 1568 414 1637 rum,
464 1572 632 1643 quas
672 1545 959 1619 luituros
988 1546 1111 1619 fibi
1150 1545 1559 1642 persuadent
1595 1572 1617 1635 3
1664 1563 1894 1617 tantus
1914 1546 2172 1617 'horror

107 1730 118 1740 ·
220 1644 372 1739 ejus
410 1644 878 1735 conditionis,
923 1644 994 1717 in
1031 1668 1161 1741 qua
1205 1644 1357 1739 post
1404 1646 1701 1731 bellum,
1739 1642 1857 1713 sub
1888 1643 2166 1715 tam-in·
2281 1650 2286 1659 '

119 1740 415 1814 m‘'²“vfestis
459 1740 537 1815 &
566 1761 713 1814 tam
738 1742 919 1815 male
946 1740 1036 1814 de
1068 1741 1223 1839 ipfis
1256 1742 1712 1815 sentientibus
1739 1740 2124 1813 victoribus
2147 1796 2169 1829 ,

213 1838 357 1911 sese
406 1838 677 1913 futuros
729 1859 1157 1935 augurantur
1190 1896 1213 1929 ‚
1261 1860 1339 1913 ut
1385 1839 1792 1913 incredibile
1821 1838 1945 1928 sit,
2009 1862 2172 1926 εοε,

214 1936 346 2009 ubi
382 1936 687 2033 primum
734 1938 851 2033 spe
886 1936 1225 2009 victoriae
1263 1938 1543 2011 destitui
1573 1936 1971 2033 coeperint,
2029 1958 2174 2009 non
2205 1956 2208 1959 ’

218 2052 600 2129 patronum
628 2036 857 2131 potius
882 2036 1248 2131 quemdam
1283 2034 1359 2109 &
1396 2028 1829 2131 defensorem
1851 2092 1871 2125 ,
1925 2060 2008 2111 ac
2040 2050 2170 2106 vo·
2281 2053 2289 2057 ’

216 2128 579 2205 cationem
600 2134 785 2205 suam
815 2134 976 2213 loco
1011 2131 1333 2205 beneficii
1359 2132 1784 2221 habiturum,
1806 2134 1927 2205 fibi
1961 2156 2166 2229 quae·-

218 2228 507 2319 fiturOS‚
550 2254 753 2327 quam
798 2230 943 2326 ejus
982 2230 1240 2303 iterum
1279 2231 1624 2304 subituros
1667 2230 2083 2325 imperium,
2131 2255 2172 2302 a

222 2350 364 2427 quo
386 2383 406 2416 ,
440 2336 715 2423 praeter
744 2326 907 2399 alias
952 2352 1251 2423 poenas,
1286 2328 1497 2421 longe
1531 2327 1881 2399 duriorem
1903 2382 1922 2414 ‚
1963 2350 2173 2424 quam
2269 2321 2290 2342 ”

220 2448 522 2521 unquam
555 2482 578 2515 ‚
624 2424 971 2499 serviendi
1028 2424 1510 2499 conditionem
1561 2425 1683 2496 fibi
1729 2426 1982 2497 merito
2029 2447 2174 2493 me-

218 2541 410 2595 tuere
454 2522 773 2597 debeant.
878 2522 1087 2628 Quod
1146 2522 1195 2600 fi
1246 2522 1594 2595 Catholici
1646 2520 1877 2595 forsan
1922 2520 2174 2618 aliqui,

220 2621 338 2719 qui
370 2621 630 2712 fidem,
682 2644 989 2694 amorem
1032 2677 1051 2710 ‚
1104 2619 1177 2694 ἃ
1220 2620 1690 2694 obedientiam
1717 2645 1879 2718 erga
1913 2617 2172 2692 Princi-

222 2741 385 2816 pem
420 2721 615 2794 suum
648 2743 789 2794 non
812 2718 1101 2793 omnino
1134 2739 1471 2793 exuerunt
1492 2776 1511 2810 ,
1565 2719 1813 2818 quique
1835 2776 1854 2806 ,
1886 2738 2174 2816 propter

220 2817 482 2913 ipsam,
530 2841 735 2918 quam
768 2818 1244 2905 retinuerunt,
1278 2817 1715 2892 Catholicam
1751 2817 1962 2889 fidem
1987 2839 2173 2900 ‚me·
2235 2819 2240 2825 '

215 2915 459 2989 liorem
488 2915 1135 2992 &tolerabiliorem
1187 2913 1376 2992 suam
1419 2915 1900 2988 conditionem
1929 2915 2046 2988 sub
2079 2917 2174 2986 le-

216 3013 468 3110 gitmio
504 3015 624 3088 suo
658 3013 973 3087 Domino
1009 3012 1169 3084 fore
1205 3012 1501 3086 eredunt
1535 3070 1556 3103 ,
1609 3013 1698 3085 de
1730 3032 1926 3086 tanto
1959 3011 2167 3083 scele-

212 3135 293 3186 re
335 3111 959 3208 noncogitabunt:
1014 3105 1429 3186 Haereticos
1464 3129 1657 3182 certe
1715 3133 1800 3182 eo
1854 3109 1988 3180 ess'e
2025 3109 2180 3194 ani-‘

214 3207 869 3296 m0‚dubium-non
904 3207 1143 3296 est‚ut
1184 3209 1273 3282 ad
1315 3231 1530 3282 unum
1568 3230 1812 3282 omnes
1845 3205 2070 3302 perire
2102 3206 2174 3277 se

209 3306 490 3420 petiam,
542 3309 891 3404 quam‚sub
921 3306 1220 3384 militum
1254 3305 1331 3380 &
1355 3305 2172 3380 Praefefflrorum'tuorum

211 3403 523 3504 imperio
561 3403 842 3494 vivere,
876 3399 973 3482 ‘ac
1000 3405 1263 3500 legibus
1302 3423 1548 3478 contra
1583 3404 1976 3489 haereticos
2018 3401 2214 3478 latis„

216 3507 475 3579 iterum
503 3502 575 3576 se
606 3502 950 3610 coefi-ceri,
972 3505 1222 3580 velint.
1290 3507 1462 3576 Cum
1491 3522 1661 3576 vero
1700 3499 1970 3574 constet
1989 3555 2008 3588 ,
2034 3521 2176 3572 non

159 3679 167 3686 ,
215 3604 433 3680 solum
479 3601 557 3676 in
606 3602 869 3676 duabus
928 3601 1055 3674 illis
1096 3600 1289 3675 omni
1332 3625 1423 3674 ex
1460 3621 1660 3698 parte
1705 3623 1892 3672 nunc
1943 3598 2172 3676 muni·
2228 3611 2240 3629 *

218 3699 521 3790 tiffimis,
551 3699 629 3778 ‘Sc
663 3723 881 3797 prope
911 3699 1566 3798 ineitpugnabilibus
1598 3694 2022 3794 provinciis,
2051 3695 2172 3768 sed

214 3799 298 3872 in
348 3799 679 3874 nonnullis
730 3797 945 3870 etiam
1002 3798 1415 3885 Brabantiae
1450 3853 1472 3886 ‚
1541 3795 1894 3884 Flandriae
1929 3851 1950 3884 ‚
2003 3792 2166 3868 Gel-

222 3895 461 3984 driae,
494 3894 567 3972 ἀ
605 3897 849 3970 Frifiae
878 3895 1327 3988 civitatibus,
1360 3893 1751 3974 haereticos
1795 3893 2174 3967 Catholicis

212 3991 357 4074 effe
389 3993 823 4094 potentiores
854 4052 880 4090 ,
927 3993 1279 4168 Majestal}
1317 4015 1435 4106 tua
1466 3993 1675 4076 facile
1713 3992 1954 4088 videt,
2006 3989 2178 4160 quibc}

1330 4117 1368 4189 3
1472 4103 1481 4108 ’
1877 4163 1883 4168 ,
2048 4106 2105 4158 ti
2155 4105 2179 4162 λ
