3017 5200
787 466 932 541 ηε
1159 448 2460 529 Οιειιιιεδεῐιιτι

785 636 918 711 bus
955 685 980 718 ,
1043 649 1210 726 quas
1261 628 1739 724 juramentum
1802 623 2021 699 tacite
2069 620 2148 697 ἃ
2195 619 2506 721 express‘e
2562 644 2765 695 com-

835 726 1105 803 leftitur
1141 783 1162 817 ,
1209 724 1513 799 reddere
1551 720 1881 797 obnoxia.
1981 722 2227 795 Nemo
2270 740 2633 818 praetcrea
2678 722 2762 792 il-

777 755 902 913 }in
947 826 1160 899 etiarn
1195 824 1521 919 ignorat,
1542 819 2023 919 jusjurandum
2054 845 2095 892 a
2128 820 2284 893 Deo
2318 818 2759 917 permifl'um,

777 926 900 1001 vel
917 923 1342 1009 institutum,
1361 918 1531 997 esse:
1554 938 1634 995 ut
1654 976 1674 1009 ,
1696 918 1847 1015 ejus
1880 917 2287 993 interventu
2302 971 2323 1007 ‚
2340 914 2761 996 homines&

779 1023 912 1099 fibi
937 1038 1191 1095 mutuo
1233 1038 1431 1093 certo
1463 1016 1751 1091 credere
1770 1072 1794 1106 ‚
1823 1014 1902 1090 ἃ
1936 1016 2227 1091 foedera
2260 1016 2445 1091 inter
2474 1014 2547 1090 se
2583 1034 2759 1089 tuto

779 1120 968 1203 mire
1009 1145 1033 1209 ;
1098 1136 1309 1214 atque
1367 1140 1454 1189 ea
1504 1113 1625 1189 alii
1686 1116 1774 1190 ab
1846 1114 1993 1189 aliis
2053 1114 2382 1213 consequi
2436 1114 2710 1212 poffint
2740 1168 2765 1202 ,

779 1242 963 1319 quae
1011 1214 1318 1313 alioquin
1365 1216 1436 1288 se
1480 1215 1670 1289 nullo
1718 1214 1933 1290 modo
1994 1213 2484 1289 consecuturos
2520 1211 2759 1309 spera-

779 1336 964 1399 rent.
1013 1316 1253 1411 Usque
1279 1313 1458 1387 adeo
1507 1336 1681 1387 vero
1712 1330 2009 1402 certum,
2032 1313 2216 1391 hanc
2232 1310 2369 1409 effe
2409 1335 2451 1383 a
2472 1308 2755 1407 juris-iu·-

777 1413 986 1497 randi
1033 1410 1404 1507 Religione
1436 1407 1819 1485 utilitatem
1862 1410 2314 1509 sperandam,
2366 1410 2491 1483 vel·
2514 1408 2761 1507 potius

779 1514 986 1611 hujus
1033 1507 1352 1585 utilitatis
1406 1508 1609 1583 causa
1653 1508 2133 1605 jusjurandum
2167 1509 2219 1584 'a
2262 1511 2429 1583 Deo
2463 1506 2757 1604 permis-

780 1612 932 1691 sum
955 1666 977 1701 ‚
1023 1627 1102 1681 ut
1145 1604 1278 1703 ipss
1318 1608 1539 1683 'etiam
1578 1608 1913 1699 latrones,
1948 1632 2111 1697 curn
2142 1630 2271 1705 per
2306 1606 2457 1681 vim
2500 1606 2589 1693 ab
2625 1605 2753 1697 iis,

782 1734 956 1807 quos
1007 1706 1080 1781 in
1117 1704 1236 1781 su'a
1277 1704 1623 1803 potestate
1652 1706 1961 1797 habent,
2006 1707 2483 1803 juramentum
2514 1721 2753 1777 extor-

783 1824 1001 1907 quent
1033 1860 1056 1893 ‚
1105 1826 1261 1876 eam
1293 1861 1314 1891 ,
1365 1826 1543 1907 quae
1610 1802 1767 1901 ipsis
1808 1805 2244 1902 promittitur
2279 1859 2302 1892 ‚
2374 1802 2751 1901 pecuniam

781 1929 958 1982 acce
1013 1924 1205 1979 turos
1279 1902 1349 1979 se
1435 1901 1820 1979 confidant.
1940 1902 2153 2008 Quod
2232 1901 2453 2000 igitur
2508 1903 2753 1979 Paulus

781 1930 1159 2101 Apossolus
1199 2000 1287 2086 ad
1323 2000 1549 2077 Hebr.
1602 2023 1753 2097 cap.
1792 2024 1864 2092 4.
1916 2000 2132 2078 docet
2172 2054 2195 2089 ‚
2250 2024 2535 2075 omnem
2568 1999 2751 2077 inter

776 2100 1103 2177 homines
1149 2096 1705 2175 controverfiam
1731 2098 2061 2195 accipere
2089 2100 2302 2176 finem
2339 2156 2361 2189 ‚
2397 2098 2445 2173 fi
2475 2098 2752 2197 jurisju-

780 2197 983 2282 randi
1031 2218 1306 2297 quoque
1357 2194 1653 2295 accedat
1702 2198 2157 2281 ‚confirmatio
2188 2254 2209 2289 ‚
2270 2198 2347 2275 id
2386 2222 2533 2271 non
2592 2219 2752 2294 pro-

779 2298 1014 2395 priam
1068 2294 1442 2393 quamdam
1511 2294 1856 2369 sacrarum
1918 2296 2277 2371 literarum
2358 2294 2751 2372 doctrinam

791 2394 932 2507 else
970 2394 1423 2491 intelligimus
1458 2449 1481 2481 ‚
1533 2392 1651 2467 sed
1702 2394 2113 2469 sententiam
2162 2394 2485 2471 omnibus
2528 2392 2753 2469 homi-

788 2498 1042 2587 nibus,
1101 2493 1389 2567 Graecis
1421 2492 1615 2567 fimul
1644 2492 1725 2567 ἃ
1755 2492 2106 2580 BarbariS,
2142 2515 2350 2593 atque
2380 2492 2541 2591 ipfis
2578 2494 2751 2571 adeo

781 2594 1210 2682 latronibus,
1258 2591 1571 2667 altissime
1606 2615 1646 2664 a
1680 2592 1997 2666 Domino
2046 2592 2322 2670 infitam
2364 2611 2578 2690 atque
2624 2592 2758 2668 im·

779 2693 1104 2790 press'am.
1213 2691 1689 2794 Quamobrem
1745 2689 1822 2768 ἃ
1877 2687 2049 2781 hinc
2090 2717 2365 2791 quoque
2424 2689 2589 2765 satis
2636 2717 2752 2789 ap·-

781 2809 982 2896 parct
1019 2845 1041 2878 ‚
1101 2787 1508 2902 hujusmodi
1558 2788 1938 2885 perjurium
1998 2788 2076 2862 dc
2130 2791 2601 2894 gravissimum
2662 2793 2751 2864 ab

782 2888 1116 2964 omnibus
1165 2885 1466 2982 judicari
1527 2886 1791 2960 crimen
1827 2942 1848 2974 ‚
1912 2888 2101 2986 quod
2166 2889 2462 2966 otiosam
2534 2889 2753 2969 nobis

782 2986 1034 3062 reddat
1091 2984 1274 3056 hanc
1337 2983 1633 3062 Domini
1693 2983 2256 3079 institutionem3
2316 2985 2391 3070 δι
2438 2988 2745 3062 humano

779 3083 1029 3184 generi
1057 3081 1701 3181 perniciofiffimum
1723 3141 1744 3174 ‚
1773 3084 1961 3182 quod
2000 3082 2273 3166 causam
2312 3086 2589 3176 afferat,
2624 3108 2751 3160 cur

789 3183 1000 3258 :multi
1053 3183 1274 3282 saepe⁸
1311 3183 1494 3256 inter
1554 3181 1867 3279 privatos
1918 3185 2321 3266 contractus
2362 3209 2503 3260 non
2564 3186 2742 3257 cele-

779 3285 1132 3372 brentam
1183 3282 1400 3359 multa
1455 3281 1642 3356 inter
1684 3281 2043 3380 Principes
2100 3282 2391 3362 foedera
2444 3306 2591 3373 non
2634 3282 2742 3357 inv

788 3400 1086 3471 eantur3
1136 3399 1344 3478 atque
1399 3379 1565 3456 ideo
1616 3405 1841 3479 neque
1880 3381 2257 3464 commoda
2284 3382 2400 3457 illa
2430 3378 2739 3477 consequi

779 3482 1158 3576 possmus,
1204 3503 1504 3574 quorum
1548 3480 1773 3576 gratia
1824 3480 2211 3558 convenire
2252 3505 2382 3557 nos
2441 3507 2601 3554 cum
2630 3479 2745 3552 ad-

747 3641 752 3646 .
790 3577 1108 3662 versariis
1157 3577 1579 3676 expediebat
1614 3603 1637 3666 3
1684 3599 1910 3674 neque
1960 3579 2355 3674 graviflima
2396 3579 2751 3654 interdum

789 3677 975 3748 mala
1005 3675 1266 3761 vitare,
1317 3699 1535 3774 quae,
1581 3675 1767 3756 salva
1804 3673 2256 3771 *jurisjurandi
2284 3678 2750 3766 authoritate,

785 3773 1030 3874 procul
1085 3773 1298 3846 dubio
1347 3771 1768 3874 yitass‘emus.
1873 3773 2047 3846 Cum
2088 3775 2268 3848 haec
2310 3777 2411 3848 ita
2439 3776 2751 3853 sese'ha·

785 3875 1044 3958 beant,
1099 3893 1244 3942 non
1269 3870 1456 3958 levi,
1513 3889 1587 3942 ut
1626 3869 1817 3957 dixi,
1870 3869 2494 3968 dignum.videtur
2534 3873 2754 3948 admi-

759 3971 1101 4070 'tatione4
1153 3967 1360 4070 hujus
1386 3968 1713 4084 sceleris,
1767 3969 1954 4074 quod
2000 3969 2309 4071 ipsimet,
2360 3972 2479 4078 qui
2530 3997 2616 4046 eo
2648 3973 2750 4080 in-

2603 4093 2751 4172 ‘1¹²1-
