3017 5200
815 512 956 591 208
1171 506 1861 585 CasrA11'2‘
1962 506 2495 582 senari

807 682 1158 783 posterum
1201 678 1336 757 fixit
1375 678 1603 777 magis
1630 676 2115 755 abominanda.
2228 680 2325 753 Et
2338 734 2363 769 ‚
2408 679 2743 777 quoniam'
2756 721 2782 770 ,ι

813 780 1138 879 speciosis
1165 779 1299 853 iuis
1329 778 1761 875 frangendae
1790 777 1961 851 fidei
1994 780 2471 875 praetextibus
2488 834 2512 866 ‚
2556 780 2785 853 sanffa

813 880 1070 961 etiam.
1121 876 1204 951 ἀ
1239 877 1553 965 excelsa,
1602 900 1687 949 ac
1724 876 2061 973 generosa
2096 874 2379 971 ingenia
2406 879 2781 951 vehemen-

793 998 924 1051 ,εει
967 974 1386 1063 sollicitari,
1435 996 1523 1047 ac
1576 972 2077 1070 saepenumero
2120 995 2411 1085 ‘quoque
2464 974 2783 1071 perverti

805 1070 1216 1161 ostendisti,
1267 1072 1446 1145 mihi
1491 1096 1809 1182 quoque,
1840 1072 1960 1147 cui
1978 1070 2393 1167 justiflitniS,
2426 1072 2499 1145 ni
2530 1072 2780 1161 fallor,
2902 1126 2909 1139 .

803 1172 1228 1255 affefiiibm,
1275 1191 1486 1267 atque
1524 1184 1843 1243 ommuni
1873 1168 2345 1243 honestiffimo
2382 1172 2574 1259 zelo,
2612 1168 2779 1267 pro-

811 1291 976 1369 pter
999 1270 1242 1345 allatas
1277 1270 1472 1367 prius
1509 1293 1553 1341 a
1582 1288 1659 1341 te
1710 1267 1943 1341 causas
1972 1322 1997 1357 ‚
2058 1268 2587 1365 repugnandum
2638 1268 2782 1358 est,

806 1368 1221 1443 orationem
1273 1386 1464 1439 tuam
1516 1386 1750 1465 neque
1796 1366 2297 1463 supervacuam
2328 1420 2353 1453 ,
2400 1388 2629 1463 neque
2671 1366 2781 1439 in·

809 1464 1224 1565 frugiferam
1259 1462 1458 1539 fuiss'e
1505 1463 1831 1537 confiteri
1872 1486 2095 1559 cogor
2114 1520 2137 1554 ‚
2184 1482 2394 1562 atque
2436 1464 2602 1537 ideo
2630 1465 2783 1560 pul-

813 1564 1236 1641 cherrimam
1271 1562 1458 1635 illam
1487 1560 1843 1635 rationem
1860 1616 1883 1651 ‚
1932 1585 2057 1657 per
2084 1578 2293 1658 quam
2318 1560 2400 1636 δι
2434 1584 2645 1635 omne
2678 1582 2781 1635 te-

809 1662 1190 1737 merarium
1239 1658 1649 1759 promissum
1676 1716 1699 1750 ‚
1741 1658 1823 1733 ἃ
1860 1661 2359 1759 cujuscumque
2400 1660 2781 1757 promiffio-

809 1760 926 1835 nis
963 1760 1259 1865 violatip
1290 1756 1502 1833 facile
1522 1756 1739 1831 vitari
1778 1756 2011 1855 potest
2042 1812 2067 1849 ‚
2116 1782 2280 1832 cum
2314 1758 2582 1838 summa
2610 1784 2778 1857 quo-

809 1880 953 1956 que
999 1859 1366 1955 voluptate
1411 1856 1727 1954 cognovi
1756 1910 1779 1945 ,
1828 1874 2039 1951 atque
2081 1877 2238 1931 eam
2276 1877 2425 1931 tam
2464 1858 2540 1933 in
2596 1858 2774 1946 hoc,

815 1981 1024 2054 quam
1083 1956 1158 2030 in
1207 1954 1352 2031 alio
1399 1952 1659 2053 quovis
1720 1952 2095 2029 sanciendo
2146 1955 2441 2029 foedere
2474 2012 2498 2047 ‚
2560 1955 2777 2029 veluti

811 2054 1244 2152 Cynosuram
1275 2052 1647 2151 quamdam
1672 2106 1694 2143 ,
1736 2054 1901 2129 Deo
1940 2050 2161 2142 duce,
2288 2072 2544 2151 rpetuo
2588 2054 2777 2127 secu-

815 2171 1012 2229 turus
1058 2152 1238 2227 sum.
1339 2148 1701 2225 Postremo
1730 2206 1751 2241 ‚
1856 2151 2131 2225 uamvis
2296 2173 2543 2227 natura
2606 2152 2779 2226 mihi

810 2250 1080 2325 veritas
1125 2250 1212 2324 sit
1267 2248 1480 2325 chata
1511 2302 1535 2334 ‚
1598 2246 1677 2323 ἃ
1724 2270 1771 2323 n
1864 2271 1982 2321 am
2042 2248 2369 2325 haetenus
2418 2248 2569 2347 ipse
2644 2252 2778 2323 ullo

817 2368 985 2423 meo
1029 2347 1220 2423 faisto
1269 2344 1545 2423 causam
1582 2344 1873 2421 subditis
1910 2346 2089 2421 meis
2130 2350 2569 2445 praebuerim
2586 2404 2609 2437 ‚
2658 2367 2779 2421 cur

801 2471 938 2525 ,me
975 2469 1252 2545 quoque
1283 2466 1428 2519 non
1468 2444 1767 2519 debeant
1820 2445 1898 2519 in
1946 2446 2183 2521 album
2214 2446 2489 2521 illorum
2521 2445 2779 2521 referre

803 2546 1270 2643 Principum,
1326 2542 1446 2644 qui
1479 2542 1803 2618 omnibus
1838 2544 1973 2630 suis
2006 2543 2369 2620 affefflbus
2412 2541 2494 2621 ἀ
2520 2548 2775 2620 emolu-

820 2645 1079 2720 mentis
1133 2644 1346 2718 fidem
1405 2637 1484 2715 δι
1542 2641 1915 2718 veritatem
1972 2647 2410 2741 anteponunt
2442 2651 2495 2735 ;'
2534 2667 2775 2720 omnes

795 2763 1057 2816 -tamen
1101 2739 1464 2840 metuendi
1507 2741 1737 2814 c'ausas
1772 2795 1795 2830 ‚
1849 2765 2017 2840 quas
2084 2745 2777 2844 non-improbabiles

817 2841 974 2916 ilios
1003 2839 1262 2913 habere
1293 2835 1591 2913 inficiari
1633 2862 1777 2914 non
1806 2840 2081 2936 poss‘um
2114 2897 2137 2931 ,
2184 2841 2436 2916 animis
2474 2841 2781 2938 ipsorum

821 2938 1136 3014 eximere
1153 2937 1438 3014 decrevi
1458 2990 1479 3025 ‚
1498 2959 1591 3010 ac·
1594 2937 1800 3033 juxta
1838 2937 2197 3012 confilium
2230 2959 2426 3013 tuum
2456 2939 2765 3036 aequiffi-

811 3061 936 3112 mo
963 3036 1186 3149 patiar
1215 3034 1488 3124 aniam,
1511 3059 1637 3108 eos
1654 3059 1809 3110 ,non
1832 3035 2053 3110 folum
2085 3036 2517 3134 jurisjurandi
2548 3034 2768 3111 nostri

797 3135 1249 3233 Religione,
1280 3157 1531 3208 verum
1574 3131 1784 3207 etiam
1810 3133 1965 3208 aliis
1996 3133 2307 3208 honestis
2350 3133 2777 3210 conditioni-

821 3237 953 3309 bus
971 3289 994 3326 ,
1021 3233 1382 3312 securitati
1411 3233 1573 3306 suae
1607 3232 1683 3306 in
1720 3232 1855 3307 hac
1876 3233 2369 3328 l’acificatione
2396 3233 2775 3310 consulere.-

823 3335 1109 3432 Itaque‚
1153 3331 1339 3429 quod
1387 3327 1476 3406 ad
1511 3333 1985 3427 juramentum
2040 3330 2342 3422 attinet,
2406 3331 2777 3429 diligenter

819 3432 1008 3527 prius
1037 3485 1059 3521 ,
1111 3430 1310 3504 sicuti
1367 3431 1599 3504 san-ste
1643 3451 1891 3507 mones
1922 3487 1945 3520 ,
1994 3429 2473 3527 promittenda
2510 3427 2765 3508 exami-

775 3583 801 3611 ,
819 3527 1036 3619 nab03
1057 3527 1384 3627 promissa
1403 3551 1577 3601 vero
1602 3551 1727 3624 per
1740 3527 1883 3602 Dei
1909 3527 2209 3626 gratiam
2222 3527 2525 3603 fideliter
2556 3527 2777 3620 obserg·

821 3629 1046 3707 vabo:
1095 3626 1288 3702 circa
1341 3625 1707 3700 cautiones
1750 3646 1980 3699 autem
2003 3667 2031 3715 ‚·
2096 3647 2213 3700 eas
2260 3625 2397 3700 illis
2440 3624 2785 3726 praestate

789 3745 969 3800 -non
1019 3727 1367 3822 gravabor
1395 3779 1420 3814 ‚
1467 3747 1635 3822 quas
1662 3723 2019 3820 Principes
2066 3721 2177 3798 isti
2216 3723 2549 3822 praestari
2591 3745 2633 3796 a
2664 3747 2785 3820 me

793 3825 1068 3897 -debere
1109 3821 1549 3916 judicabunt.
1641 3823 1915 3901 Verum
1958 3821 2149 3895 enim
2195 3845 2367 3898 vero
2396 3877 2418 3912 ,
2472 3823 2665 3921 quod
2694 3821 2779 3894 ad

791 3919 940 3996 -has
983 3943 1023 3994 a
1053 3919 1257 3994 nobis
1289 3919 1731 4018 praestandas
1773 3918 2027 3994 attinet
2063 3975 2083 4009 ‚
2132 3944 2271 3994 una
2321 3939 2603 3994 tantum
2647 3918 2779 3992 effe·

793 4019 1102 4101 videtur
1135 4073 1158 4112 ‚
1201 4041 1378 4118 quae
1417 4015 1573 4096 illos
1618 4017 1813 4097 omni
1874 4035 2071 4097 metu
2106 4017 2405 4102 liberare
2442 4041 2531 4098 ac
2578 4019 2777 4191 plane

777 4167 786 4176 ·
2192 4145 2198 4150 ¹
2620 4136 2787 4192 ecu-
