3017 5200
571 445 1148 535 Diasocu's
1245 464 1378 533 nt
1476 470 1768 537 nen.-
2033 488 2177 560 209

211 632 819 714 securosreddere*
836 634 1140 731 poterit,
1191 656 1500 733 quaeque
1536 634 1811 727 statim,
1845 624 2000 735 post
2038 640 2165 713 Pa-

216 760 372 809 cem
396 788 415 822 ‚
465 736 623 805 Deo
663 734 842 813 bene
868 733 1320 821 fortunante,
1359 734 1855 831 compositam,
1881 736 2163 811 exsecu-
2244 754 2251 764 ·

216 833 400 905 tioni
432 818 906 921 mandabitur3
958 854 1185 929 neque
1230 832 1416 905 enim
1460 834 1677 906 video
1709 886 1731 921 ‚
1780 835 1941 931 quid
1972 860 2013 917 a
2048 860 2165 909 me

215 950 489 1027 praeter
513 930 991 1025 juramentum
1027 927 1278 1025 requiri
1323 931 1522 1025 poffit
1557 986 1579 1020 ,
1632 930 1796 1020 nist,
1849 953 1927 1005 ut
1959 958 2163 1029 quam

262 1028 508 1114 timum
551 1049 791 1099 omnes
837 1028 1106 1099 externi
1153 1027 1402 1101 milites
1429 1048 1521 1103 ex
1568 1030 1891 1101 omnibus
1921 1030 2031 1103 his
2057 1032 2164 1107 in-

209 1054 576 1201 {erioribus
607 1123 1016 1197 Ditionibus
1062 1124 1478 1213 discedant,'
1513 1128 1703 1223 quod
1754 1130 2010 1225 absque
2034 1130 2161 1202 du·-
2246 1142 2271 1163 '·

215 1226 330 1316 bio
365 1224 487 1297 fiet
517 1223 695 1295 intra
723 1222 898 1295 illud·
937 1226 1444 1321 teinpUS‚quod
1479 1250 1521 1297 a
1550 1224 1981 1321 Principibus
2018 1226 2165 1301 istis

207 1322 371 1419 post
424 1326 677 1417 Pacem
738 1320 1180 1394 conciliatam
1244 1321 1726 1399 constituetur.
1838 1327 2031 1399 Nam
2085 1324 2167 1399 δε

210 1422 407 1497 idern
441 1418 956 1517 quamprimum
989 1440 1154 1492 ante
1188 1420 1549 1495 biennium
1566 1421 1831 1495 fastum
1852 1422 1974 1513 est,
1997 1426 2162 1496 Fra-

207 1540 366 1609 tre,
400 1518 623 1591 felicis
661 1518 1078 1604 memoriae,
1101 1542 1244 1592 non
1275 1518 1581 1614 prius⁴in
1608 1521 2169 1601 Gubernatorem

197 1638 543 1715 recept0‚
593 1641 800 1714 quam
847 1634 1172 1688 externus
1220 1617 1416 1689 miles
1460 1616 1741 1692 istarum
1789 1620 2171 1716 regionum.

195 1717 488 1790 finibus*
528 1713 926 1789 exceffiss'et.
1059 1715 1268 1788 Nihil
1329 1714 1547 1811 igitur
1608 1718 1907 1816 relinqui
1966 1718 2167 1792 vide-

203 1834 325 1887 tur
362 1870 384 1903 ,
417 1812 625 1909 quod
656 1837 696 1884 a·
733 1812 932 1885 nobis
968 1810 1223 1885 subditi
1271 1813 1482 1887 nostri
1525 1834 1839 1908 metuere
1872 1817 2171 1912 possint,

203 1912 487 2007 tametsi
511 1912 978 2007 juramentum
1038 1936 1078 1984 a
1115 1913 1334 1985 nobis
1387 1912 1695 2007 nostrum
1754 1938 1895 1987 non
1950 1914 2171 2001 inter-

199 2028 622 2105 poneretur.
727 2009 893 2112 Qu'o
939 2032 1107 2082 vero
1147 2011 1352 2105 patto
1399 2010 1574 2086 mihi
1619 2015 1705 2085 ab
1748 2012 1882 2085 illis
1932 2012 2169 2087 caveri

205 2108 514 2196 debeat,
569 2108 882 2181 universa
929 2108 1297 2202 provincia
1342 2109 1418 2183 in
1472 2110 1781 2207 ipsorum
1819 2111 2169 2208 potestate

111 2258 124 2267 s
205 2204 790 2305 reli&a‚&meis
830 2207 1158 2297 omnibus
1196 2206 1655 2301 praesidiis&
1687 2208 1913 2302 copiis
1954 2207 2171 2281 nuda-

199 2312 278 2377 ta
313 2361 335 2393 ‚
389 2306 774 2401 quibusque
817 2303 1296 2376 cautionibus
1373 2304 1589 2377 fidere
1674 2304 1966 2377 debeam
2004 2362 2026 2395 ,
2090 2328 2176 2376 ac

108 2468 123 2473 ,
201 2402 467 2519 possim
503 2458 523 2488 ‚
577 2425 800 2497 neque
843 2401 1284 2474 Calvinianos
1331 2402 1508 2473 ultra
1546 2400 2007 2499 praescriptos
2050 2400 2177 2475 fibi

206 2524 286 2571 1n
321 2500 462 2573 hac
493 2499 1030 2587 Pacificatione,
1053 2498 1329 2569 libertas
1369 2498 1442 2570 in
1463 2498 1845 2596 Religione
1878 2498 2173 2591 ‚limites

205 2595 747 2694 transgressuros
780 2653 798 2686 ‚
850 2619 1074 2694 neque
1131 2595 1530 2672 Catholicos
1586 2597 1835 2673 eadem
1872 2654 1895 2688 ,
1964 2622 2175 2696 quam

199 2698 554 2778 haetenus
607 2694 1057 2768 ostenderunt
1086 2751 1106 2784 ‚
1159 2696 1507 2792 flagitiosa
1555 2695 1917 2788 socordia,
1964 2697 2174 2771 auda-

199 2797 395 2869 ciam
429 2793 508 2867 &
541 2793 936 2867 socordiam
980 2793 1278 2889 ipsorum
1317 2851 1338 2884 ‚
1391 2795 1440 2868 s1
1481 2797 1667 2870 forte
1708 2797 1875 2891 quid
1914 2819 2183 2869 novare

198 2893 480 2980 velint,
535 2893 988 2980 toleratur0s3
1035 2905 1264 2990 'neque'
1297 2894 1428 2966 hos
1459 2950 1478 2981 ‚
1531 2893 1866 2985 velinos,
1914 2894 2177 2968 stabili-

203 3013 361 3066 tam
410 2991 622 3087 hujus
672 2989 918 3064 iterum
969 2992 1167 3064 Pacis
1227 2991 1752 3066 conditionibus
1818 3018 2049 3066 meam
2099 2991 2179 3064 in
2222 3028 2225 3029 ⁷

199 3085 404 3187 ipsos
475 3085 860 3186 legitimam
921 3089 1462 3180 authoritatem,
1514 3090 1591 3164 δε
1636 3091 2013 3185 imperium
2062 3108 2181 3180 tot

197 3181 452 3263 rnodis
493 3241 512 3276 ,
561 3211 740 3284 quos
803 3187 1014 3260 etiam
1058 3187 1442 3262 meminiffe
1491 3213 1575 3261 ac
1628 3185 1889 3262 referre
1934 3189 2178 3286 piget3
2284 3254 2306 3269 ,

203 3283 725 3362 imminuturos
750 3341 772 3374 ,
821 3309 907 3358 ex
941 3305 1012 3357 te
1048 3287 1476 3382 cognoscere
1509 3286 1749 3382 cupio.
2020 3363 2025 3378 ,

303 3390 386 3461 D
414 3382 594 3458 UX.
636 3381 1022 3481 ‘Veriffime
1071 3385 1246 3457 haec
1285 3409 1324 3456 a
1365 3383 1737 3481 Majestate
1785 3403 1903 3456 tua
1932 3380 2173 3454 dicun-

213 3495 328 3558 tur
355 3541 376 3572 ,
439 3483 685 3578 itaque
723 3481 812 3552 de
845 3481 972 3554 illis
1012 3481 1320 3578 legibu3‚
1353 3483 1604 3578 quibus
1646 3481 1955 3554 subditos
1994 3479 2175 3570 tuos',

222 3581 624 3656 securitatis
654 3577 928 3670 nostrae
955 3581 1188 3676 gratia
1220 3637 1238 3665 ‚
1273 3606 1312 3652 a
1343 3579 1544 3654 nobis
1574 3579 1824 3677 subjici
1868 3599 2180 3674 oportet,

221 3681 438 3776 paulo
483 3669 644 3775 post
687 3676 1054 3774 agemus(
1111 3681 1330 3752 Nunc
1377 3679 1462 3750 ad
1500 3679 1731 3765 illam,
1773 3703 1975 3775 quam
2022 3679 2184 3749 Ma-

212 3776 438 3877 jestas
485 3796 606 3848 tua
634 3777 922 3865 retulit,
954 3777 1390 3867 cautionem,
1438 3777 1605 3850 duas
1650 3779 1811 3850 alias
1847 3793 1965 3848 aut
2002 3794 2185 3865 tteS‚

215 3899 402 3976 quas
452 3895 595 3946 non
646 3875 1000 3948 immerito
1049 3901 1087 3949 a
1137 3876 1339 3948 nobis
1396 3875 1680 3973 exigere
1720 3873 1907 3972 poffe
1939 3872 2189 3947 viden·

211 3994 382 4068 tur,
439 3970 851 4068 adjiciamus
879 4029 903 4067 ‚
951 3975 1067 4068 vel
1109 3976 1345 4077 potius
1391 3997 1633 4053 omnes
1680 3973 1925 4050 ordine
1966 3972 2198 4062 brevi·

1286 4075 1356 4150 Ο.
1554 4085 1560 4090 ’
2103 4086 2257 4144 ter‘
