3017 5200
775 462 2428 559 176'Casranrssenzr1

755 638 853 717 'in
910 636 1033 713 tot'
1082 638 1353 715 illorum
1419 637 1618 711 malis
1689 636 2169 713 misericordia
2219 639 2754 731 movebuntur,

762 727 1019 813 ¹verum
1054 738 1268 811 etiam
1312 732 1491 811 nulla
1523 736 1949 816 conscientia
1979 736 2552 827 deterrebantur,
2603 758 2754 835 quo·

772 834 1001 911 minus
1040 835 1109 909 in
1148 834 1279 909 illis
1306 834 1688 931 expilandis
1713 890 1736 921 ‚
1767 832 1844 907 ἃ
1873 890 1894 922 ,
1931 834 1980 907 fi
2017 834 2167 931 fieri
2199 834 2422 932 poffet
2444 889 2465 922 ‚
2494 836 2744 933 deglu⁴

758 932 1065 1022 ¹bendis‚
1116 956 1359 1007 omnes
1416 932 1761 1007 avaritiae
1807 930 1884 1007 ἃ
1935 932 2364 1008 crudelitatis
2413 932 2566 1006 suae
2613 922 2744 1005 lia-

758 1032 991 1123 ,henas
1051 1030 1376 1105 laxandas
1424 1029 1560 1127 effe
1599 1030 1944 1127 judicent.
2043 1032 2211 1104 Hoc
2246 1030 2458 1129 igitur
2511 1031 2743 1105 modo

773 1152 921 1205 non
968 1127 1193 1202 exteri
1230 1129 1461 1205 ,solum
1494 1176 1546 1217 ,ι
1583 1126 1873 1202 miseros
1913 1129 2044 1201 hos
2081 1130 2382 1225 populos
2415 1183 2436 1219 ,
2485 1153 2744 1213 verum
2829 1178 2834 1183 ·

771 1224 903 1325 ipfi
938 1228 1237 1323 Belgae,
1292 1224 1370 1300 ὅ(
1410 1226 1692 1325 quidem
1715 1282 1737 1317 ,
1775 1226 1961 1323 quod
1989 1228 2060 1299 in
2101 1226 2422 1301 civilibus
2457 1226 2752 1301 diffidiis

772 1321 929 1403 fieri
967 1324 1140 1400 solet
1168 1380 1191 1414 ,
1244 1324 1713 1399 acerbioribus
1763 1346 1968 1423 quam
2025 1324 2245 1411 exteri
2291 1320 2579 1414 animis,
2632 1344 2739 1398 at-

774 1446 909 1525 que
952 1423 1117 1497 ideo
1148 1424 1411 1519 majore
1442 1422 1740 1519 scelere,
1775 1424 2144 1518 populares
2192 1422 2348 1496 suos
2387 1444 2740 1521 perpetuo

768 1521 1134 1599 ‘trauatmi
1190 1520 1368 1596 sunt.
1472 1520 1686 1627 Quod
1729 1520 1814 1593 ad
1869 1520 2094 1595 victos
2145 1544 2322 1595 vero
2361 1544 2403 1593 e
2450 1522 2740 1597 diverso

774 1622 1069 1711 attinet,
1120 1619 1281 1693 satis
1320 1618 1536 1691 etiam
1587 1618 1895 1708 constat,
1941 1621 2138 1715 quale
2181 1619 2261 1693 ὅτ
2297 1618 2422 1717 ipfi
2462 1643 2738 1717 quoque

772 1722 867 1798 de
909 1718 1216 1793 hostibus
1234 1716 1580 1813 judicium
1605 1773 1626 1808 ,
1677 1714 1754 1789 dc
1791 1719 2060 1815 qualem
2101 1736 2268 1817 erga
2301 1739 2422 1791 eos
2454 1718 2734 1793 habitu-

770 1819 831 1895 ri
868 1812 1003 1891 {int
1028 1817 1357 1891 animum.
1457 1815 1850 1911 Persuasum
1877 1813 2008 1889 illis
2041 1815 2179 1905 est,
2227 1840 2468 1889 omne-s
2505 1816 2732 1891 vieto-

773 1941 887 1992 res
918 1908 1198 2007 milites,
1217 1912 1295 1987 ὅτ.
1326 1913 1732 2009 praesertim
1761 1910 2124 2009 Hispanos
2144 1970 2165 2006 ‚
2193 1914 2236 1985 s
2227 1915 2510 2011 uperbia
2530 1972 2552 2001 ‚
2578 1940 2734 1988 cru·

774 2014 1101 2101 delirate,
1152 2010 1447 2085 avaritia
1475 2068 1499 2101 ,
1551 2010 1630 2083 &
1663 2011 1993 2101 libidine,
2061 2012 2134 2084 in
2181 2012 2462 2088 miseros
2511 2013 2738 2087 victos

672 2106 681 2113 ’
774 2111 911 2187 effe
952 2108 1443 2185 intolerabiles,
1551 2108 1648 2181 Et
1711 2108 1836 2183 hos
1883 2132 2054 2209 ergo
2105 2108 2182 2185 ἃ
2229 2134 2476 2189 omnes
2526 2112 2733 2201 alios,

769 2228 1119 2311 quotquot
1177 2231 1301 2281 eos
1384 2205 1718 2281 haetenus
1815 2229 2314 2306 oppugnarunt
2345 2266 2366 2300 ,
2431 2210 2735 2283 habituri

772 2312 933 2387 sunt
965 2333 1093 2405 pro
1132 2304 1988 2405 crudelissimistyrannis,
2037 2305 2194 2404 qui,
2239 2306 2606 2397 fortunas,
2658 2308 2732 2380 li-

770 2412 1127 2485 bertanem
1179 2403 1257 2480 <Sc
1294 2404 1518 2478 vitam
1560 2428 1802 2479 eorum
1832 2462 1856 2495 ,
1911 2428 2072 2479 cum
2122 2404 2418 2503 filiarum
2461 2411 2734 2503 quoque

762 2506 857 2583 ·&
902 2528 1196 2579 uxorum
1244 2502 1586 2601 pudicitia
1623 2560 1644 2593 ,
1693 2504 1876 2577 bello
1918 2522 2237 2600 petentes
2269 2561 2290 2595 ‚
2352 2505 2536 2602 ipsos
2584 2524 2738 2579 tan·

760 2608 941 2681 dem
964 2660 985 2688 ,
1026 2603 1185 2700 post
1212 2621 1321 2674 tot
1361 2602 1863 2698 praecedentes
1897 2603 2162 2696 clades,
2213 2626 2341 2699 per
2369 2602 2754 2679 miserabi·‘

758 2707 915 2778 dem
953 2703 1134 2774 hanc
1162 2699 1531 2773 victoriam
1571 2699 1642 2771 in
1683 2697 2100 2796 potestatem
2135 2697 2596 2802 redegerunt3
2645 2701 2732 2772 de

762 2799 916 2878 suis.
938 2821 1114 2872 vero
1145 2797 1554 2893 proceribus
1585 2799 1661 2872 ἃ
1697 2799 2086 2894 nobilibus,
2122 2820 2325 2896 atque
2359 2800 2510 2874 aliis
2545 2794 2733 2872 'civi-

760 2901 905 2978 .bus
937 2895 1237 2970 deterius
1267 2895 1527 2984 etiam,
1567 2919 1777 2991 quam
1817 2897 1908 2970 de
1960 2897 2289 2994 Hispanis
2327 2956 2348 2987 ,
2387 2897 2724 2992 sentient3

771 2995 1031 3094 quippe
1060 2992 1179 3090 qui
1210 2991 1516 3088 ipsorum
1545 2993 1854 3088 judicio,
1883 2995 1954 3068 in
1987 2997 2212 3095 patria
2247 2995 2368 3070 sua
2407 2995 2476 3070 in
2509 2995 2721 3068 servi-

752 3113 1004 3173 ‚tutem
1058 3090 1439 3188 redigenda
1472 3148 1495 3181 ‚
1543 3091 1768 3166 socios
1820 3095 1958 3168 sese
2005 3093 2340 3191 Hispanis
2391 3093 2719 3190 adjunxe-

768 3199 975 3284 runt',
1026 3192 1136 3264 vel
1174 3188 1407 3288 potius
1434 3188 1780 3264 ministros
1813 3195 2318 3290 praebuerunt:
2371 3214 2578 3290 atque
2607 3216 2722 3264 ea·

760 3292 941 3366 -dem
960 3289 1272 3366 cumillis
1284 3289 1644 3379 scelerata,
1659 3313 1754 3364 ex·
1770 3291 2090 3365 libertate
2105 3289 2448 3389 oppress'a,
2467 3293 2556 3366 de
2571 3290 2718 3363 sub·

760 3392 953 3467 :actis
976 3386 1249 3464 civibus
1260 3387 1615 3484 ,praemia
1651 3387 2236 3484 concupiverunt.
2287 3393 2462 3464 Cum
2493 3411 2718 3462 autem

760 3489 963 3562 -inter
994 3487 1219 3562 victos
1250 3510 1509 3584 magno
1555 3510 1847 3561 numero
1877 3487 2100 3560 futuri
2133 3487 2268 3562 fint
2303 3485 2736 3576 Calviniani3

772 3587 855 3660 hi
887 3605 1243 3682 praeterea
1267 3583 1568 3658 victores
1617 3583 1774 3658 suos
1821 3585 2132 3658 infideles
2181 3583 2260 3660 ἃ
2293 3585 2737 3674 idololatras,

776 3684 855 3758 δι
908 3705 1119 3758 verae
1166 3682 1518 3756 Ecclefiae
1551 3680 1690 3756 Dei
1733 3705 1859 3777 per
1907 3681 2299 3760 crudeliora
2346 3683 2732 3784 supplicia,

752 3801 981 3885 ,quam
1008 3803 1331 3876 umquam
1360 3782 1446 3854 ab
1496 3777 1840 3858 Ethnicis-
1865 3782 2264 3878 excogitata
2303 3783 2460 3857 sunt
2495 3810 2540 3871 ‚·
2568 3805 2730 3881 per-

758 3898 1021 3979 petuos
1058 3877 1566 3972 persecutores,
1595 3875 1672 3955 ὅ(
1705 3873 2084 3954 vastatores
2118 3880 2252 3954 effe
2275 3881 2728 3976 judicabunt.

766 3977 925 4066 Erit
950 3973 1167 4075 igitur
1200 3972 1273 4053 in
1304 3971 1413 4050 his
1442 3974 1760 4056 acerbius
1789 3975 2006 4058 etiam
2033 3975 2110 4059 ἃ
2143 3980 2488 4074 atrocius,
2527 4003 2738 4080 quam

766 4089 777 4098 ‘
2611 4074 2738 4151 ‘in

1548 4177 1574 4210 8
