3017 5200
1498 294 1505 301 ’
1597 284 1654 387 0‘

833 506 958 601 *82
1102 514 1304 588 βων.
1354 512 1633 586 Sena-rx
1685 509 1927 592 Cor-m.
1981 536 2080 591 ms
2133 540 2312 595 nez
2363 538 2590 597 mrim

866 696 1123 773 hensae
1172 692 1326 767 sunt
1358 744 1380 779 ,
1446 690 1570 763 vel
1624 691 1715 770 ad
1756 690 2248 789 praecedentis
2305 692 2812 771 Pacificationis

864 792 1406 871 satisfafflonem
1430 845 1451 877 ,
1502 788 1623 863 feu
1650 792 2285 887 complementum,
2327 793 2610 885 aussiis,
2659 816 2814 891 quac

866 916 955 967 ex
998 891 1108 965 his
1161 888 1606 985 dependent,
1651 888 2018 963 difficultas
2065 891 2292 989 aliqua
2335 887 2808 969 definitionem

814 1070 825 1084 ,
863 987 1249 1089 impediat,
1314 985 1621 1059 delectos
1670 986 1741 1060 se
1773 1045 1794 1079 ,
1859 984 2091 1060 statim
2131 1013 2220 1062 ac
2271 989 2584 1064 Ordines
2629 988 2808 1081 suos,

864 1112 1041 1190 quos
1096 1082 1501 1161 destinaturi
1551 1084 1686 1159 fint
1718 1142 1739 1177 ,
1807 1084 2237 1161 nominarint
2269 1143 2291 1179 ‚
2349 1088 2656 1163 vicissim
2705 1111 2810 1161 no-

864 1182 1330 1275 minatarum,
1366 1182 1481 1281 qui
1502 1240 1523 1275 ,
1567 1184 1616 1257 fi
1648 1184 1811 1281 quid
1845 1171 2243 1260 addendum
2267 1184 2600 1278 restabit,
2635 1208 2812 1283 pror-

864 1286 975 1363 sus
1026 1284 1454 1387 transigant,
1505 1280 1758 1357 foedus
1811 1302 2046 1357 autem
2103 1284 2247 1359 hoc
2289 1284 2436 1357 fide
2487 1284 2814 1383 utrimque

863 1401 1157 1481 recepta
1189 1381 1614 1470 stabiliatur,
1662 1400 1872 1477 prout
1899 1381 2234 1482 expedire
2266 1382 2578 1459 videtur.

819 1494 847 1521 '¹
967 1481 1087 1557 Ad
1129 1502 1307 1577 quae
1365 1478 1604 1576 capita.
1644 1478 1980 1577 Pa'cisque
2036 1480 2500 1557 conditiones
2526 1482 2599 1556 in
2652 1480 2812 1555 hanc

863 1578 1171 1659 formam
1216 1602 1257 1651 a
1297 1578 1419 1651 sua
1452 1576 1841 1653 Serenitate
1877 1578 2264 1677 propofitas
2291 1579 2693 1679 responsum
2717 1580 2815 1651 de-

864 1680 1119 1753 derunt
1168 1675 1518 1768 OrdineS,
1563 1675 2032 1773 particulatim
2065 1677 2345 1752 decima
2389 1680 2637 1779 quinta
2671 1682 2816 1774 Sep-

863 1776 1203 1866 tembris3
1233 1773 1311 1850 ἃ,
1349 1774 1657 1873 primum
1681 1834 1704 1868 ‚
1747 1774 2073 1876 singulari
2107 1776 2179 1851 se
2205 1777 2480 1876 semper
2516 1801 2660 1854 non
2687 1800 2817 1851 mo*

865 1878 961 1953 do
994 1874 1256 1951 affeftu
1306 1872 1514 1949 fuiffe
1573 1878 1811 1973 ajunt,
1863 1900 2116 1971 verum
2167 1874 2246 1952 δε
2284 1898 2506 1951 omne
2537 1876 2818 1951 studium

859 1977 954 2051 ad
987 1976 1568 2047 instaurationem
1602 1980 1835 2050 Status
1866 1976 2139 2075 Belgici
2177 1974 2558 2050 contulisse
2579 1976 2696 2066 ,in
2728 1997 2824 2045 eo-

859 2096 997 2171 que
1049 2072 1121 2144 se
1171 2072 1651 2167 permansuros
1681 2114 1720 2179 7
1777 2072 2145 2170 applicatis
2189 2073 2263 2147 in
2317 2074 2472 2147 hoc
2523 2071 2833 2148 omnibus

860 2167 1412 2267 cogitationibus
1451 2168 1621 2259 sui3‚
1653 2169 2118 2272 suibusque,
2171 2192 2308 2280 quo
2336 2194 2496 2267 pax
2527 2226 2551 2259 ,
2616 2173 2730 2267 jus
2775 2168 2834 2243 ὅ(

860 2268 1151 2368 publica
1194 2267 1652 2365 tranquillitas
1707 2292 1834 2365 per
1885 2268 2289 2365 provinc1as
2349 2268 2836 2367 redintegren-

859 2388 977 2441 tur
1009 2421 1032 2456 ‚
1102 2386 1258 2441 tum
1302 2382 1381 2438 ut
1438 2364 1518 2439 ἃ
1571 2366 1980 2440 Catholicae
2030 2368 2411 2441 Romanae
2450 2367 2840 2465 religionis,

860 2464 1276 2561 Regiaeque
1319 2459 1764 2538 authoritatis
1799 2463 2248 2555 =observantia
2287 2463 2646 2540 inviolata
2699 2490 2834 2563 per-

860 2563 1045 2638 sistat
1077 2588 1099 2653 3
1154 2560 1457 2658 denique
1489 2579 1570 2636 ut
1603 2560 1680 2638 ὅ(
1720 2562 1914 2661 plebs
1947 2560 2167 2638 tantis
2201 2562 2403 2637 malis
2442 2562 2528 2638 ὅτ
2564 2563 2818 2638 calami·

860 2663 1132 2736 tatibus
1162 2662 1596 2750 sublevetur,
1647 2662 1898 2758 quibus
1933 2679 2136 2735 tanto
2165 2661 2314 2758 jam
2357 2682 2687 2760 tempore
2719 2687 2820 2760 per

855 2759 1080 2934 {Josce
1134 2759 1471 2832 tumultus
1533 2758 1922 2835 miserrime
1976 2761 2333 2857 exagitata
2371 2817 2396 2852 ,
2465 2760 2546 2837 &
2593 2759 2813 2835 afflista

896 2875 1093 2932 uerit.

876 2951 885 2958 ’
960 2959 1209 3052 Itaque
1254 2971 1530 3028 mature
1573 2955 1712 3028 sese
1762 2953 2180 3047 erraminass'e
2214 2955 2726 3054 propositiones
2754 2956 2814 3032 δι

868 3051 1137 3152 lingula
1176 3051 1507 3150 postremi
1540 3052 1783 3152 scripti
1819 3056 2094 3153 capita,
2119 3056 2307 3152 quod
2342 3057 2468 3131 sua
2501 3059 2814 3134 Serenitas

864 3177 995 3252 per
1062 3175 1176 3224 me
1231 3177 1393 3224 cum
1462 3149 1870 3227 testimonio
1923 3151 2211 3250 publico
2279 3177 2360 3228 x1
2415 3156 2812 3256 Septembris*

868 3251 959 3326 ad
1000 3252 1182 3348 ipsos
1225 3249 1547 3326 mififfe‘t:
1599 3275 1744 3348 quo
1775 3251 2377 3349 nomine·gratias
2423 3255 2500 3328 se
2547 3258 2701 3333 suae
2721 3261 2808 3330 Se·

868 3349 1150 3424 renitati
1196 3371 1406 3446 agere
1437 3404 1457 3438 ‚
1523 3348 1708 3446 quod
1756 3350 1846 3424 ad
1896 3349 2491 3428 conciliationem
2541 3355 2681 3430 sese
2723 3375 2810 3428 ac·
2907 3355 2912 3366 '

864 3449 1335 3529 commodans
1383 3465 1533 3522 tam
1584 3448 1909 3544 proxime
1959 3448 2049 3521 ad
2099 3444 2514 3546 petitiones
2549 3454 2821 3551 ipsorum

866 3548 1197 3635 accedat,
1248 3571 1387 3644 quo
1434 3570 1580 3620 non
1613 3545 1916 3620 debeant
1954 3549 2101 3620 non
2137 3547 2226 3620 de
2276 3549 2566 3627 summa
2595 3552 2695 3627 rei
2725 3555 2821 3628 be·

868 3668 960 3718 ne
990 3645 1301 3742 sperare3
1349 3641 1572 3716 sed&
1611 3645 1967 3717 confidere
1996 3646 2330 3736 omnim,
2383 3649 2823 3726 suaeSereni-

867 3742 1035 3816 tatis
1088 3741 1528 3838 benignitate
1574 3738 1652 3814 ἃ
1697 3741 1949 3816 favore
1987 3740 2469 3842 inauspicatas
2505 3751 2634 3826 has
2679 3773 2822 3826 con·

864 3839 1235 3914 troverfias
1282 3837 1569 3938 felicem
1607 3895 1628 3926 ‚
1705 3861 2176 3938 pacatumque
2213 3846 2524 3922 ‘exitum
2573 3850 2824 3924 habitu·

864 3963 973 4014 ras
1012 3963 1033 4027 ;
1108 3936 1405 4032 proinde
1454 3935 1543 4010 ad
1587 3937 1851 4033 singula
1903 3940 2134 4035 capita
2190 3963 2231 4014 a
2266 3945 2392 4018 sua
2453 3949 2831 4024 Serenitate

856 4033 1221 4140 proposita
1250 4031 1409 4134 post
1450 4033 1913 4114 deliberatam
1949 4037 2564 4140 „consultationem
2593 4049 2694 4124 ita
2730 4045 2833 4120 de-

2764 4141 2836 4218 fi-

2403 4215 2436 4228 —
