3017 5200
592 502 1205 580 Drinoeus
1300 512 1433 569 nr
1531 490 1854 585 Pleni
2083 510 2227 591 ιω

219 680 554 789 Ῐιιεωοάἰ
628 669 1191 776 promistionibus
1268 668 1578 766 aliquam
1659 668 1934 766 semper
1999 656 2236 747 inesse·

236 788 402 859 vim
440 837 461 871 ,
529 775 831 851 dubitari
894 792 1174 868 quoque
1216 768 1459 864 nequit
1493 824 1516 859 ‚
1583 790 1698 841 eas
1747 766 2039 843 omnino
2081 768 2225 843 ess’e

245 879 640 962 servandas.
708 870 985 947 Frustra
1006 888 1311 965 namque
1340 867 1556 951 nobis¹
1573 865 1789 939 solam
1828 866 2016 941 hanc
2046 887 2226 942 eva·

247 979 459 1057 dendi
487 973 770 1072 majoris
806 968 1105 1069 periculi
1134 964 1481 1041 rationem
1508 963 1860 1040 Dominus
1895 962 2224 1041 ostende-

251 1098 361 1155 ret
378 1134 399 1168 ,
416 1077 467 1152 fi
482 1074 665 1149 hanc
682 1091 961 1171 quoque
977 1063 1375 1180 doftrinam
1396 1121 1417 1155 ,
1436 1083 1798 1161 tamquam
1815 1085 2058 1138 veram
2080 1118 2101 1154 ‚
2121 1064 2218 1139 de

245 1174 584 1254 servando
618 1172 1017 1269 juramento
1062 1186 1192 1263 per
1237 1162 1391 1239 vim
1435 1181 1768 1253 extorto,
1818 1160 2026 1237 nobis
2075 1184 2225 1239 non

242 1271 654 1351 inseruiss'et.
754 1267 899 1343 Etfi
932 1281 1167 1339 autem
1193 1282 1413 1358 grave
1442 1260 1833 1336 admoldum
1860 1260 1947 1335 fit
1965 1312 1989 1350 ,
2031 1262 2224 1357 quod

234 1398 365 1451 nos
378 1364 864 1472 praestituros,
883 1360 1299 1459 inoerpofito
1324 1360 1752 1457 juramento,
1772 1357 2228 1457 pollicemur,

236 1476 503 1549 eodem
545 1486 786 1543 tamen
828 1461 1082 1549 modo,
1142 1458 1233 1532 ad
1275 1456 1698 1535 servandum
1753 1456 1896 1533 hoc
1945 1462 2228 1555 quoque

230 1591 432 1646 metu
458 1586 819 1651 extortum
850 1556 1297 1661 promissum,
1347 1580 1477 1631 nos
1513 1553 1870 1631 Dominus
1913 1555 2230 1654 obligat;

233 1672 404 1771 quia
460 1666 748 1766 grav-ius
826 1657 1288 1735 nihilominus
1363 1654 1535 1729 illud
1600 1654 1874 1752 semper
1931 1674 2228 1747 manet,

235 1766 475 1869 quod,
522 1767 755 1863 jurare
799 1760 1237 1849 recusantes,
1274 1756 1470 1829 nullo
1498 1752 1722 1827 modo
1761 1753 2228 1851 potuiss'emus

234 1870 623 1965 effugere:
686 1881 899 1957 quare
954 1856 1099 1930 hoc
1156 1877 1432 1952 quoque
1488 1851 1654 1927 casu
1713 1850 1966 1927 frustra
2016 1852 2230 1945 nobis

230 1969 431 2042 illam
490 1956 812 2035 elabendi
855 1954 1047 2031 viam
1079 1951 1433 2030 Dominus
1474 1950 1872 2026 ostenderet
1891 2006 1915 2038 ,
1932 1951 1982 2025 fi
2001 2006 2024 2042 ,
2059 1974 2228 2051 pro·-

225 2086 397 2165 pter
426 2077 705 2134 metum
737 2053 930 2131 illum
952 2106 975 2143 ‚
992 2054 1107 2159 vel
1137 2053 1393 2127 nullam
1416 2108 1438 2141 ‚
1490 2051 1612 2125 vel
1643 2048 2026 2125 invalidam
2043 2104 2064 2141 ,
2085 2048 2229 2124 esse

221 2160 763 2265 promissionem
790 2151 1095 2228 nostram
1116 2208 1139 2241 ,
1170 2149 1520 2226 voluiffet.
1633 2148 2058 2223 Notandum
2106 2172 2230 2224 au·

224 2288 373 2339 tem
438 2256 555 2332 est
589 2314 613 2349 ,
692 2272 821 2328 ne·
880 2251 1270 2325 violentam
1358 2247 1646 2347 quidem
1707 2248 2236 2344 promissionem

228 2360 550 2439 nostram
602 2350 895 2453 proprie
956 2346 1093 2427 effe
1135 2345 1592 2445 judicandam
1627 2402 1650 2434 ,
1718 2343 1986 2421 etiamst
2035 2368 2230 2421 mor·

230 2484 380 2537 tem
435 2453 655 2533 nobis
688 2446 1132 2549 jurisjurandi
1182 2444 1465 2519 exafilor
1490 2442 1900 2520 minaretur.
1997 2443 2226 2535 Nam,

227 2564 399 2638 licet
457 2550 931 2655 spontaneum
971 2570 1099 2644 per
1142 2543 1214 2621 se
1244 2566 1387 2645 non
1414 2542 1497 2618 fit
1521 2601 1545 2636 ,
1595 2542 1946 2642 pecuniae
1991 2543 2108 2618 vel
2140 2544 2225 2620 li-

233 2659 533 2738 bertatis
587 2654 827 2728 facere
856 2645 1261 2747 Jafi'turam3
1309 2642 1620 2741 quisquis
1651 2659 1890 2718 tamen
1920 2642 1999 2720 in
2032 2643 2228 2718 illam

230 2759 616 2834 adducitur
655 2749 1140 2825 neceffitatem
1175 2799 1199 2835 ,
1244 2762 1418 2816 tunc
1451 2742 1692 2816 saltem
1732 2741 1980 2839 sponte
2023 2738 2106 2816 ἀ
2144 2741 2233 2817 li-

233 2864 404 2936 bere
461 2870 781 2930 mortem
817 2845 1051 2946 potius
1072 2903 1095 2936 ‚
1144 2865 1353 2942 quam
1383 2841 1800 2917 servitutem
1817 2898 1840 2934 ,
1887 2841 2003 2916 vel
2053 2863 2228 2939 pau·

230 2976 593 3056 pertatem
629 2945 1037 3039 ,vitandam
1073 2943 1200 3018 fibi
1238 2939 1500 3017 censet.
1555 2939 2043 3040 Quamobrem
2075 2961 2228 3015 non
2271 2985 2276 2995 ·

234 3057 719 3155 prohibentur
752 3045 1041 3146 quidem
1074 3041 1295 3116 fortes
1324 3037 1403 3114 <Sc
1438 3041 1833 3116 constantes
1856 3039 1998 3114 viri
2029 3045 2252 3113 mor-'

234 3173 395 3228 tem
418 3149 949 3250 ‘pertimescere
982 3199 1006 3237 ‚
1055 3161 1265 3240 atque
1323 3139 1473 3236 eJus
1517 3157 1716 3212 metu
1759 3159 1842 3212 ea
1867 3137 2234 3234 polliceri,

237 3275 425 3354 quae
477 3249 676 3323 vitae
724 3268 967 3319 eorum
1015 3261 1184 3316 tunc
1241 3237 1600 3312 Dominus
1649 3238 1737 3312 ab
1789 3234 1892 3309 eis
1946 3233 2228 3331 exigit:

238 3377 333 3426 ex
368 3350 463 3423 iis
498 3368 778 3433 tamen,
824 3363 1001 3440 quae
1052 3339 1362 3414 diximus
1392 3391 1415 3426 ‚
1466 3335 1629 3412 satis
1667 3351 1908 3432 patet,
1952 3351 2232 3425 metum

240 3453 465 3538 illum,
487 3447 579 3520 ad
612 3441 905 3520 omnino
938 3439 1357 3527 violentam,
1386 3453 1595 3534 atque
1619 3433 1781 3507 ideo
1810 3431 2234 3524 invalidam,

249 3543 782 3644 promissionem
847 3537 1291 3614 efficiendam
1332 3592 1356 3627 ‚
1418 3558 1567 3610 non
1614 3531 1951 3608 sufficere.
2065 3533 2232 3606 Sola

249 3647 442 3720 forte
480 3659 1003 3720 tormentorum
1050 3632 1508 3734 magnitudo,
1559 3653 1736 3730 quae
1771 3647 2087 3717 mentem
2118 3629 2234 3705 ni·

250 3744 391 3816 mis
439 3744 833 3840 percellunt
860 3794 881 3827 ‚
934 3736 1013 3811 ἀ
1050 3733 1283 3808 veluti
1326 3732 1447 3806 suo
1494 3731 1656 3805 loco
1693 3747 2032 3820 movent,
2079 3752 2231 3806 non

248 3839 585 3939 injustam
616 3840 869 3916 afferre
912 3835 1139 3934 poss‘et
1176 3855 1319 3906 non
1357 3830 1678 3905 servatae
1723 3828 1898 3902 fidei
1943 3828 2233 3903 excusa«.

241 3943 572 4028 tionem;
614 3937 688 4014 δι
728 3959 967 4012 tamen
1002 3952 1275 4009 tantam
1322 3931 1395 4006 in
1443 3929 1648 4008 noblis
1698 3926 1838 4002 ess'e
1870 3943 2238 4024 oporteret

239 4040 397 4118 Dei
445 4039 623 4137 Opt.
673 4039 874 4116 Max.
925 4035 1002 4115 in
1036 4031 1306 4126 testem
1360 4027 1689 4128 appellati
1736 4026 2244 4114 reverentiam,

2156 4141 2360 4203 Ut'
