3017 5200
55 632 57 637 ·
55 524 64 591 --—
54 392 66 489 -Ὗ
55 262 59 319 —q-

840 520 942 619 84*
1102 526 1304 601 Cisr.
1350 524 1626 599 Scnm
1677 522 1920 599 Coun.
1971 542 2072 597 m
2121 542 2300 599 nen
2351 480 2580 597 imni

856 706 1151 797 burgum
1175 754 1195 788 ,
1217 696 1593 773 Bovinium
1612 754 1634 789 ‚
1665 695 2032 771 Castellum
2065 694 2547 786 Theoderici,
2579 691 2656 779 ὅ(
2675 692 2800 767 alia'

852 802 1011 879 loca
1048 814 1391 893 occupata
1423 819 1465 869 a
1500 794 1634 869 suis
1672 794 2034 887 restituat,
2081 818 2258 893 quae
2285 816 2449 869 cum
2485 792 2797 891 exseque-

848 916 999 981 tur,
1049 896 1298 968 eadem
1352 892 1421 967 se
1470 892 1750 967 ratione
1785 950 1807 983 ,
1869 892 2254 991 eodemque
2311 912 2638 990 tempore
2683 916 2794 965 co-

848 995 1001 1093 pias
1040 993 1195 1067 suas
1254 993 1341 1065 ab
1396 992 1608 1065 armis
1669 988 2110 1080 dimiss‘uros3
2176 1014 2422 1065 ver-um
2469 988 2636 1086 quia
2690 1012 2792 1061 ae-

846 1115 1065 1191 quum
1110 1090 1199 1163 fit
1220 1147 1256 1187 ’,
1324 1090 1836 1165 Germanorum
1901 1090 2226 1163 cohortes
2267 1086 2642 1185 provincia
2683 1109 2794 1161 ex-

844 1188 1103 1265 ceffiffe
1123 1246 1145 1280 ‚
1194 1186 1589 1285 priusquam
1619 1186 1748 1284 ipfi
1773 1211 1968 1263 arma
1997 1188 2354 1286 deponant
2371 1242 2394 1277 ‚
2443 1202 2660 1283 prout
2685 1182 2818 1281 pa!

848 1312 937 1362 ce
966 1286 1153 1361 faeta
1192 1284 1598 1385 stipulatum
1648 1288 1731 1360 fit
1756 1344 1781 1377 ,
1829 1286 1922 1360 ad
1958 1284 2404 1359 securitatem
2422 1284 2627 1358 ¹suam
2659 1302 2794 1356 tam

841 1406 1095 1461 contra
1132 1386 1528 1461 Germanos·
1565 1385 1760 1474 illos,
1807 1405 2016 1481 quam
2057 1384 2336 1473 Ganos,
2387 1381 2466 1458 &
2506 1384 2602 1455 ob
2641 1381 2796 1455 alias

834 1483 1231 1585 probabiles
1258 1521 1293 1570 ,ι
1330 1506 1558 1582 neque
1589 1481 1870 1556 levioris
1899 1483 2252 1557 momenti
2293 1482 2527 1557 causas
2565 1500 2790 1553 reten-

837 1603 1035 1657 turos
1078 1580 1147 1657 se
1179 1580 1534 1679 legionem
1574 1605 1788 1656 unam
1832 1582 2155 1658 Peditum
2175 1639 2202 1673 ,
2246 1580 2532 1678 Equites
2568 1578 2789 1668 mille,

836 1683 1067 1755 donec
1118 1680 1223 1757 ita
1262 1681 1680 1761 Provinciae
1721 1704 1830 1755 res
1873 1681 2299 1781 compositae
2341 1680 2476 1753 fint
2499 1735 2523 1769 ‚
2587 1676 2790 1775 inque

833 1802 1002 1855 eum
1035 1780 1323 1855 modum
1369 1780 1532 1879 ipsis
1571 1798 1904 1873 cautum3
1948 1799 2027 1855 ut
2069 1779 2212 1854 fine
2243 1777 2537 1879 periculi
2579 1776 2786 1873 suspi-

831 1878 1042 1953 cione
1076 1878 1492 1977 praesidium
1525 1880 1666 1953 hoc
1702 1880 2060 1956 dimittere
2087 1878 2246 1975 ipfis
2276 1900 2422 1951 non
2453 1876 2695 1951 liceat.

932 1978 1142 2082 Quod
1198 1999 1371 2052 vero
1414 2000 1660 2052 eorum
1709 1979 2004 2053 nomina
2021 2034 2044 2067 ‚
2095 2000 2268 2075 quos
2317 1976 2398 2051 in
2448 1973 2795 2049 Ordinem

824 2073 1051 2163 suum‘
1078 2075 1482 2173 adlegerint,
1532 2075 2136 2163 nonexhibeant,
2190 2096 2444 2170 cupere
2479 2072 2677 2145 hanc
2720 2068 2802 2143 fi-

823 2171 899 2246 bi
930 2173 1004 2245 in
1030 2174 1347 2269 praesens
1388 2173 1804 2271 particulam
1843 2172 2158 2261 remitti,
2205 2193 2632 2268 quamquam
2677 2194 2802 2267 po·

822 2268 1011 2343 tiore
1044 2272 1197 2367 jure
1246 2270 1327 2345 Gt
1370 2272 1812 2370 gravioribus
1859 2271 1948 2344 de
1999 2268 2215 2343 caufis
2256 2270 2348 2343 ob
2401 2290 2486 2341 ea
2513 2322 2547 2356 ,
2613 2290 2804 2363 quae

819 2387 991 2443 ante
1034 2369 1187 2443 atta
1210 2368 1407 2460 sunt,
1432 2368 1708 2466 ipfimet
1739 2370 1930 2443 suam
1949 2366 2406 2445 Serenitatem
2426 2420 2450 2455 ‚
2474 2384 2554 2439 ut
2588 2364 2670 2436 id
2687 2362 2794 2461 ip·
2893 2436 2898 2441 ,

817 2466 968 2541 stim
1001 2466 1373 2564 praestaret
1392 2524 1413 2558 ,
1463 2465 1542 2541 δι
1569 2467 1661 2541 ad
1695 2465 2248 2543 nominationem
2276 2487 2521 2538 eorum
2542 2518 2565 2552 ‚
2615 2486 2791 2559 quos

822 2566 905 2641 in
940 2563 1339 2640 Concilium
1374 2566 1577 2640 suum.
1617 2566 1976 2654 admittit,
2007 2585 2278 2660 ‘urgere
2319 2562 2574 2662 poflint
2595 2617 2616 2652 ,
2671 2582 2781 2634 ve-

814 2665 949 2739 luti
982 2665 1347 2775 aliquoties
1380 2663 1457 2738 &
1480 2665 1845 2760 speciatim
1877 2662 2179 2760 scripto,
2205 2673 2304 2755 4¹²²
2345 2662 2554 2760 hujus
2585 2681 2774 2734 men-

812 2761 899 2835 fis
940 2763 1299 2851 exhibito,
1348 2763 1752 2860 flagitarint.

831 2945 838 2950 ,
912 2858 1032 2934 Ad
1099 2860 1475 2957 septimum
1565 2881 1778 2961 caput
1869 2857 2304 2956 respondent
2340 2913 2364 2948 ‚
2468 2858 2774 2933 militum

808 2959 883 3032 se
921 2955 1159 3054 copias
1190 3012 1211 3046 ‚
1312 2983 1429 3034 uas
1474 2959 1568 3032 ad
1602 2961 1889 3034 tutelam
1923 2957 2117 3032 suam
2155 2956 2281 3029 fibi
2329 2953 2774 3046 retinebunt,

808 3079 939 3156 per
964 3055 1232 3153 ‘oppida
1261 2983 1339 3131 gt
1372 3055 1634 3154 reliqua
1666 3076 2064 3155 opportuna
2099 3056 2256 3128 loca
2306 3077 2437 3150 pro
2484 3054 2774 3130 arbitrio

812 3154 1340 3245 distributuros,
1392 3174 1606 3252 prout
1640 3155 1976 3255 expedire
2016 3151 2438 3250 judicabunt
2484 3155 2584 3228 ad
2631 3153 2764 3252 ple-

805 3255 971 3327 bem
1012 3251 1046 3351 (
1064 3276 1153 3326 ne
1180 3254 1429 3328 alendo
1446 3253 1672 3328 milite
1696 3251 2161 3354 inaequalibus
2180 3270 2510 3326 oneretur
2551 3251 2766 3348 sump-

802 3349 1039 3450 tibus)
1076 3352 1593 3429 sublevandam.
2859 3355 2862 3358 ’

907 3451 1111 3555 Quae
1162 3451 1416 3524 ottavo
1461 3452 1700 3549 capite
1763 3453 1882 3526 sua
1941 3449 2292 3528 Serenitas
2347 3448 2764 3546 pollicetur,

801 3570 1043 3639 orare,
1094 3549 1349 3647 ut2ipsa
1390 3575 1469 3622 re
1510 3551 1795 3648 exsequi
1831 3549 2045 3638 velit,
2096 3547 2173 3624 &
2213 3546 2666 3622 necess'ariam
2697 3548 2764 3620 in

796 3645 939 3718 hoc
974 3645 1520 3720 sollicitudinem
1565 3649 1937 3737 adhibere,
1989 3644 2420 3720 interd-icens
2463 3644 2764 3720 Provin-

795 3744 1069 3816 ciarum
1102 3746 1479 3822 Praefectis
1498 3805 1521 3837 ‚
1573 3746 1992 3838 nominatim
2039 3764 2282 3818 autem
2319 3744 2768 3840 Burgundiae

792 3839 873 3915 &
902 3843 1337 3940 Luceburgi‚
1386 3866 1477 3920 ne
1537 3845 1613 3918 in
1660 3843 1794 3918 suis
1837 3841 2236 3918 Provinciis
2282 3841 2596 3916 deleetus
2626 3843 2760 3916 ‘ha-

786 3939 939 4013 beri
980 3939 1373 4039 patiantur,
1423 3966 1562 4018 neu
1614 3961 1908 4016 externo
1955 3941 2162 4016 militi
2203 3962 2332 4035 per
2383 3939 2538 4014 suos
2587 3941 2764 4014 fines

779 4036 915 4116 iter
956 4041 1071 4116 vel
1120 4041 1483 4116 transitum
1531 4041 1704 4116 dent
1736 4097 1759 4131 ‚
1831 4039 2042 4138 idque
2087 4041 2308 4116 faciat
2344 4092 2369 4127 ,
2437 4057 2516 4113 ut
2559 4038 2767 4133 hujus

779 4163 790 4173 ·
2111 4178 2117 4183 -
2594 4155 2758 4234 pro·
