3017 5200
786 486 885 566 24
1031 462 1235 567 cisa.
1286 459 1570 563 Scnm
1631 450 1878 563 conns
1927 472 2032 543 m„
2077 478 2262 535 nica
2311 480 2545 563 ζει-ει

797 642 941 719 sem
961 695 983 729 ‚
1032 654 1113 711 ut
1154 634 1349 733 pacis
1398 630 1852 707 conditiones
1887 632 2366 733 conscriptae,
2421 636 2774 737 subsigna-2

793 760 909 815 tae
929 793 951 827 ‚
1009 734 1327 831 mihique
1366 731 1672 806 traditae
1717 730 1937 807 effent
1955 788 1980 821 ,
2031 752 2110 811 ut
2157 756 2276 807 eas
2327 732 2418 809 ad
2466 738 2784 814 Ordine·

794 832 1183 922 i‘eferrem3
1226 830 1532 927 ideoque
1557 828 1680 926 spe
1715 832 1900 905 bona
1935 832 2186 929 plenus
2213 832 2576 933 ablegatus
2604 862 2778 911 cum

714 977 721 991 ·
798 933 921 1031 iz*
966 932 1278 1032 ejusdem
1342 926 1594 1003 mensis
1655 930 2006 1006 Bruxellas
2059 929 2396 1009 veniffem
2469 934 2782 1011 astionis

790 1056 1001 1111 meae
1034 1032 1375 1105 summam
1404 1026 1876 1124 explicaturus
1895 1085 1918 1119 ,
1949 1026 2024 1101 in
2043 1028 2398 1127 Ordinum
2431 1032 2780 1110 Conseffu

800 1133 901 1209 fic
945 1132 1165 1205 verba
1218 1126 1405 1201 feci:
1456 1128 1628 1199 Duo
1681 1126 2118 1223 'potiflimum
2161 1126 2364 1201 fuisse
2395 1185 2418 1220 ,
2487 1155 2614 1205 cur
2659 1156 2792 1207 me

786 1232 819 1327 i
870 1230 923 1305 fi
959 1230 1051 1305 ad
1080 1228 1275 1302 suam
1312 1222 1772 1315 serenitatem
1809 1224 2248 1325 legarint‚&
2278 1227 2586 1325 primum
2617 1233 2782 1330 qui·

842 1354 998 1419 em,
1020 1346 1099 1401 ut
1132 1324 1642 1401 accuratiffime
1681 1322 2279 1416 demonstrarem,
2331 1352 2540 1425 quam
2563 1329 2789 1427 justis,

788 1428 1181 1516 innitantur
1209 1420 1590 1496 rationibus
1609 1472 1632 1506 ,
1679 1444 1889 1522 quam
1936 1449 2024 1497 ue
2066 1425 2398 1522 gravibus
2435 1452 2786 1511 moveam,

792 1547 913 1610 tur
956 1522 1205 1609 caufis,
1252 1518 1440 1617 quod
1490 1516 1849 1595 cautiones
1889 1448 2166 1597 {lecuras
2207 1544 2354 1615 tam
2407 1526 2776 1624 scrupulo·

796 1627 870 1701 se
904 1640 1154 1697 contra
1174 1616 1327 1693 vim
1368 1640 1656 1691 omnem
1677 1674 1699 1707 ,
1719 1638 1930 1717 atque
1960 1620 2354 1717 peticuinm
2383 1624 2746 1723 postulent
2765 1652 2792 1701 ε

794 1723 1119 1799 Alterum
1140 1774 1163 1809 ‚
1190 1736 1271 1791 ut
1300 1716 1481 1814 aptis
1513 1717 2222 1794 demonstrationibus
2267 1724 2580 1801 animum
2609 1711 2792 1799 suae*

799 1818 1211 1895 serenitatis
1238 1816 1640 1889 edulcarem
1671 1873 1692 1907 ‚
1741 1814 2324 1919 mitigaremq'ue',
2378 1848 2585 1925 quem
2629 1846 2791 1901 non

797 1919 1083 1994 modice
1134 1917 1628 1989 exacerbatum
1675 1915 2036 1991 constabat
2067 1941 2158 1993 ex
2195 1941 2322 2007 ec,
2347 1923 2532 2019 quod
2559 1924 2788 2019 plane

794 2021 977 2093 adeo
992 2013 1378 2107 &definite
1410 2015 1908 2089 Namurcenfis
1921 2016 2130 2091 Arcis
2149 2016 2228 2090 ἃ
2260 2018 2796 2100 Carolomontii

791 2134 1197 2217 promptam
1248 2110 1761 2199 restitutionem
1809 2108 2233 2211 deposcant‚'
2302 2140 2479 2214 quae
2531 2118 2792 2215 post-u·

794 2218 935 2291 lata
970 2210 1425 2291 vehementia
1468 2230 1746 2308 praeter
1787 2236 2054 2285 morem
2089 2230 2343 2287 contra
2368 2216 2796 2311 legitimam

796 2311 1211 2392 modestiam
1270 2310 1592 2385 nonnihil
1647 2309 1902 2407 rigoris
1941 2309 2250 2385 inufitati
2293 2336 2458 2408 prae
2509 2314 2582 2387 se
2629 2315 2796 2395 fer-⁶

794 2434 975 2491 rent.
1078 2414 1475 2507 Utrumque
1520 2427 1758 2482 autem
1803 2432 1920 2481 me
1963 2410 2224 2482 horum
2279 2434 2370 2485 ex
2413 2410 2740 2508 ipsorum
2767 2468 2794 2509 ,Ι

800 2516 914 2589 uti
956 2513 1269 2611 sperem,
1315 2528 1491 2583 voto
1552 2506 1953 2583 exsecutum
1989 2502 2157 2604 ess‘e,
2254 2511 2524 2608 Aperte
2585 2512 2793 2587 enim

798 2637 920 2689 me
945 2613 1103 2685 suae
1128 2606 1501 2684 Serenitati
1537 2607 1914 2684 declarasse
1937 2662 1958 2697 ,
2015 2605 2141 2680 has
2175 2607 2346 2699 solas
2391 2608 2527 2682 effe
2556 2611 2790 2689 ratio-

802 2733 964 2797 nes,
1018 2705 1096 2781 ἃ
1150 2704 1431 2780 unicam
1472 2704 1678 2776 'viam
1732 2704 2090 2802 popularis
2148 2724 2388 2796 motus
2437 2702 2786 2798 sedandi,

850 2807 923 2882 ui
952 2807 1099 2904 jam
1150 2802 1389 2878 omnia
1429 2803 1669 2898 paffim
1706 2824 2038 2901 tanquam
2081 2804 2484 2900 promiscuo
2535 2807 2788 2888 incenff

800 2835 928 2980 310
957 2921 1285 2998 correpta
1328 2904 1792 2996 perturbaret.
1892 2903 2232 2998 Populum
2267 2902 2462 2978 enim
2498 2905 2789 2980 univer·

803 3007 957 3080 sum
991 3001 1185 3074 hunc
1236 3016 1508 3072 metum
1551 2996 1943 3088 imbibisse,
1996 3021 2089 3072 ne
2118 3001 2381 3088 violata
2425 3003 2572 3076 fide
2619 3027 2784 3101 gra-

806 3103 1079 3180 viflima
1123 3119 1395 3199 quaque
1456 3094 1536 3172 ὅτ.
1577 3097 2048 3172 intolerabilia
2090 3097 2168 3174 in
2217 3100 2290 3172 se
2343 3101 2736 3179 statuantur
2755 3125 2790 3196 ,1

806 3209 1020 3300 atque
1068 3199 1208 3274 hoc
1270 3194 1586 3294 cogitare
1620 3255 1643 3287 ,
1704 3219 1794 3270 ne
1845 3197 2438 3275 commiserationi
2489 3201 2783 3297 quidem

805 3300 994 3400 apud
1015 3318 1311 3374 exteras
1349 3295 1674 3370 nationes
1703 3297 1945 3370 locum
1977 3295 2343 3387 futurum,
2395 3298 2444 3372 fi
2481 3303 2782 3372 abuten-

805 3402 979 3476 dum
1020 3397 1093 3473 se
1138 3398 1373 3472 denuo
1414 3395 1785 3492 permittat
1819 3451 1842 3486 ‚
1909 3393 1988 3469 ὅτ
2036 3397 2590 3491 pei-suasionibus
2635 3396 2772 3470 cir-

804 3517 1225 3587 cumventus
1252 3493 1743 3593 opprimatur.;
1806 3503 1952 3568 no‘n
1991 3495 2300 3570 Ordines
2343 3519 2572 3596 neque
2613 3499 2780 3570 Ma-

736 3676 741 3684 ,
808 3597 1141 3700 gistratus
1158 3594 1283 3668 fibi
1310 3649 1332 3682 ,
1350 3593 1467 3666 sed
1488 3594 1754 3690 populo
1774 3591 2092 3689 pacando
2113 3616 2196 3666 ea
2210 3593 2606 3690 postulass'e3
2625 3596 2778 3692 qui-

813 3699 943 3771 bus
958 3695 1098 3768 late
1112 3691 1433 3767 deduffis
1466 3691 1858 3768 rationibus
1887 3710 2030 3764 tam
2057 3713 2173 3762 me
2192 3691 2432 3769 feci-ffe
2453 3695 2784 3768 tractabi-

806 3795 949 3870 lem
971 3847 993 3882 ‚
1047 3787 1906 3888 perduxiffeque'eatenus
1933 3789 1976 3861 s
1963 3813 2124 3862 uam
2143 3793 2609 3866 serenitatem
2639 3795 2780 3892 aje-

805 3896 975 3970 bam
998 3943 1021 3981 ‚
1057 3907 1135 3963 ut
1161 3906 1359 3962 certo
1398 3887 1874 3977 confiderem,
1907 3886 2142 3962 statim
2179 3891 2387 3988 atque
2428 3891 2638 3966 visuri
2673 3917 2778 3965 es-

812 3993 967 4090 sent
996 3986 1491 4083 conditionum
1525 3985 1861 4089 pacisque
1901 3985 2277 4096 formidata
2292 4045 2316 4084 ,
2365 4015 2573 4093 quam
2619 3991 2796 4164 ligae·

854 4101 861 4113 .
1681 4139 1690 4148 ι
2411 4099 2414 4106 .
2709 4111 2777 4160 ε-
