3017 5200
567 457 2194 601 PRAEF'AT10.*·exx

235 678 575 765 neficum
600 671 1141 757 Maffiliensem
1196 668 1711 767 Guerinium‚
1756 664 1981 777 pacta
2018 692 2183 760 xx.

27 760 30 845 3
163 812 171 821 ’
237 794 547 875 millium
583 788 752 872 flor.
790 780 1192 881 mercede,
1253 780 1417 865 dari
1470 779 1751 865 curaffe
1787 782 2186 869 Abbatem

234 904 341 987 D.
367 899 767 983 Gert‘rudis
808 890 1313 979 Lovamenfis
1336 951 1365 994 ,
1384 888 1900 1002 eumdemque
1926 894 2186 1005 postea

234 1010 485 1119 jadlaff
471 1038 519 1094 e
539 1068 567 1110 ,
592 1014 657 1093 se
678 1010 1078 1119 egregiam
1104 1006 1301 1088 hanc
1322 1004 1611 1113 patriae
1629 1032 1942 1113 operam
1967 1034 2190 1115 prae-

228 1121 490 1211 stitisse.
524 1122 763 1207 Multi
800 1134 1009 1205 certe
1024 1119 1454 1239 Scriptores
1475 1114 1871 1225 Hispanici
1909 1118 2192 1207 testan-

2009 1249 2188 1339 tur,

260 1424 430 1477 uetus
460 1407 622 1476 Lib.
658 1404 709 1472 Ι.
752 1402 959 1491 Epist.
988 1402 1188 1470 CLV.
1236 1420 1300 1486 p.
1332 1413 1479 1481 759.
1521 1397 1629 1463 ubi
1659 1396 1976 1464 saxoniae
2018 1394 2194 1487 Dpci

240 1492 453 1591 ¹‹gt-ibit:
521 1486 823 1589 Diffipata
848 1485 931 1585 est
950 1486 1047 1551 hic
1066 1486 1285 1573 fama,
1328 1500 1457 1545 eum
1475 1476 1640 1580 peste
1654 1479 1888 1579 periiffi
1907 1480 2192 1645 ysoden-

216 1578 303 1641 dzo
344 1596 478 1641 eum
536 1575 759 1657 alequot
798 1572 1001 1647 ,dubus
1048 1579 1189 1633 ante
1229 1574 1467 1631 mortem
1516 1560 1778 1645 mczdzffi
1828 1584 1896 1627 m
1959 1564 2188 1627 ebrzeu·

89 1657 96 1665 ’
217 1659 363 1739 lam,
400 1680 441 1723 a
485 1676 609 1742 qua
637 1656 847 1719 medici
874 1652 1030 1722 nihil
1052 1648 1307 1734 periculi
1346 1649 1634 1711 inminere
1655 1647 2046 1731 judicabant,
2069 1644 2187 1729 sed

214 1762 335 1805 eam
386 1742 634 1819 Letalem
680 1738 939 1803 reddidit
983 1734 1146 1812 'dolor
1190 1732 1381 1798 animi
1394 1777 1420 1809 ,.
1466 1749 1573 1815 quo
1603 1727 1948 1811 contabuzffi
1989 1730 2184 1793 credi-

214 1835 322 1889 tur.
416 1824 795 1905 Interceptae
828 1818 1091 1901 fuerant
1170 1815 1327 1881 aullo
1358 1824 1495 1877 ante
1545 1824 2064 1897 quamxmoreretur
2099 1811 2185 1875 li·-

212 1918 371 1973 terae
397 1903 581 1990 ipsius
616 1908 693 1969 ad
718 1904 951 1991 Regem
998 1900 1092 1965 Hi
1111 1901 1331 1983 paniae
1352 1944 1371 1977 ,
1430 1901 1498 1959 in
1523 1896 1728 1979 quibus
1755 1898 2030 1981 graviter
2052 1910 2188 1957 con-

317 1994 595 2063 abatur,
636 1986 707 2071 se
762 1993 969 2050 contra
1004 1980 1323 2065 fidem'sibi
1350 1982 1556 2044 datam
1584 1976 1806 2061 deseri,
1853 1974 1928 2049 δ’
1960 1980 2054 2041 ita
2081 1980 2186 2041 de-

27 2104 41 2161 g
199 2008 384 2157 Jffiui
413 2074 575 2135 omni
586 2070 893 2153 facultate
917 2067 1167 2131 ducendi
1195 2066 1422 2129 dmtius
1452 2060 1709 2138 bellum,
1751 2071 1819 2125 ut
1853 2058 2062 2145 nee-effe
2093 2080 2184 2125 es·

193 2153 379 2240 set-st
418 2152 498 2227 ὅ)
514 2154 665 2239 suas
710 2172 803 2217 res
820 2149 1039 2236 pefflem
1076 2151 1180 2214 ire.
1259 2144 1345 2211 Et
1380 2147 1540 2211 haec
1567 2144 1812 2209 veriora
1845 2144 2190 2225 videntur,

208 2258 397 2323 quam
427 2290 429 2293 ,
480 2256 591 2303 uae
618 2239 698 2303 de
731 2253 979 2301 veneno
1010 2284 1032 2316 ‚
1096 2230 1265 2315 jussu
1294 2228 1387 2295 Re
1432 2230 1487 2295 is
1530 2225 1642 2310 ipfi
1677 2226 1864 2305 dato,
1901 2226 2006 2293 alii
2039 2246 2187 2291 nar-

208 2338 369 2387 rant.
514 2334 781 2387 enenata
804 2318 995 2385 ‚enim
1029 2314 1300 2401 potione
1338 2328 1381 2395 p
1408 2326 1681 2393 erosque
1719 2308 2038 2393 Principes
2074 2320 2192 2373 aut

207 2402 401 2470 Viros
432 2402 807 2469 Illustriores
830 2419 867 2464 e
896 2402 1106 2464 medio
1139 2395 1417 2460 sublatos
1448 2393 1652 2469 tradi,
1695 2388 2190 2473 vulgatiffimum

206 2481 322 2553 est.
418 2482 729 2551 Naeuiam
762 2482 1023 2549 Laevini
1058 2476 1397 2544 Tot-rentii
1424 2474 1555 2539 five
1596 2470 1849 2535 Lessum
1877 2472 1931 2535 L
1983 2471 2190 2555 ticum

196 2570 271 2634 in
322 2564 639 2634 Austriaci
664 2563 917 2630 obitum
946 2560 1149 2626 edidit
1192 2555 1399 2622 Mich.
1449 2554 1528 2628 ab
1571 2550 1746 2617 lsselt
1791 2552 1884 2621 in·
1965 2548 2061 2616 ist.
2098 2549 2191 2620 sui

27 2663 62 2721 “,
196 2649 448 2728 Temp.
510 2667 573 2731 p.
606 2653 758 2730 617.
818 2642 881 2708 &
920 2640 1085 2725 seqq.
1120 2659 1203 2704 ex
1236 2656 1365 2722 quo
1409 2632 1966 2718 carmine‘aliquid
1993 2635 2193 2702 etiam

197 2735 287 2798 'de
316 2745 570 2810 morte,
612 2727 945 2795 Austriaco
972 2743 1083 2808 per
1118 2737 1427 2814 venenum
1463 2717 1920 2804 praecipitata,
1959 2717 2188 2804 colligi

248 2813 417 2882 offet
436 2816 521 2879 ex
552 2808 1005 2897 conparatione
1036 2804 1375 2884 Herculis,
1400 2820 1465 2868 m
1500 2801 1752 2868 Oetaeo
1781 2815 2000 2868 monte
2015 2799 2182 2866 Nes·
2238 2825 2246 2834 ·

224 2901 324 2965 aei
364 2896 604 2965 veneni
636 2895 781 2960 tabe
805 2890 1120 2976 consumti
1151 2910 1173 2969 ;

528 3005 719 3096 nalem
771 3023 1091 3090 Herculem
1148 3023 1351 3086 videre
1398 3019 1688 3104 quondam

527 3111 795 3196 heffaliae
831 3109 907 3194 ju
950 3129 989 3172 a
1023 3105 1287 3190 saltucffa
1607 3151 1634 3166 ,,

458 3197 739 3278 Perferre
794 3126 961 3274 Neffi
1008 3189 1259 3254 vulnera
1302 3179 1571 3266 tristibus

475 3285 697 3349 Curata
712 3273 975 3358 flammis
1007 3273 1131 3340 dte.

284 3417 460 3486 Illud
505 3411 707 3501 ipsum
752 3405 1095 3472 Torrentii
1132 3398 1540 3487 Epicedium‚
1576 3415 1724 3464 cum
1753 3396 1894 3468 aliis
1934 3399 2094 3470 odis
2121 3403 2188 3471 in

206 3504 417 3570 laudes
478 3499 545 3646 ἑ.
596 3489 908 3560 Austriaci
985 3488 1067 3553 de
1134 3484 1402 3550 victoria
1462 3483 1667 3576 navali
1729 3479 2016 3548 Turcica
2047 3531 2070 3564 ,
2122 3484 2188 3553 ὰ

206 3585 404 3670 Belgii
550 3577 963 3644 ubernatione
992 3615 1015 3648 ‚
1078 3569 1311 3652 legitur
1353 3563 1497 3647 post
1535 3561 1830 3645 Ejusdem
1882 3565 2190 3644 Po'e'mata

202 3669 368 3734 sacra
413 3684 565 3750 pag.
607 3675 912 3745 293-304.
982 3649 1369 3734 cenotaphii
1402 3665 1562 3712 vero
1592 3643 2074 3732 inscriptionem
2121 3651 2189 3716 in

206 3751 373 3814 urbis
432 3742 752 3814 Namurci
819 3739 1062 3822 templo
1112 3735 1190 3799 ab
1233 3729 1600 3798 Alexandro
1648 3727 1986 3808 Farne50‚
2051 3733 2193 3816 eius

209 3830 563 3900 suceessore
596 3872 619 3907 ,
682 3819 1012 3890 Austriaco
1063 3815 1248 3904 pofiti
1280 3864 1302 3896 ‚
1378 3813 1681 3878 cadavere
1717 3811 1781 3877 in
1819 3811 2194 3900 Hispaniam

217 3913 611 3988 transvecto,
662 3909 722 3973 ὅτ
758 3904 1054 3990 sepulcro
1089 3899 1309 3968 Caroli
1340 3895 1425 3975 V.
1466 3895 1666 3980 patris
1709 3893 1910 3967 inlato
1937 3941 1962 3978 ,
2004 3895 2205 3970 habet

210 3994 499 4066 Haraeus
530 3990 687 4062 Vol.
715 3990 797 4058 11.
836 3985 1071 4092 Annal.
1110 3981 1294 4058 Btab.
1345 4001 1411 4075 p.
1442 3989 1596 4072 285.
1725 4053 1734 4063 ,
