3017 5200
582 520 695 640 JO·
744 533 1145 608 Atisrssuc.
1196 541 1293 606 tr
1346 531 1554 606 Oxum·
1597 503 1962 614 Bimrcos
2060 491 2064 500 Ι
2157 553 2268 642 2³2

288 712 799 814 profitebantur
841 766 864 800 ‚
912 706 1786 808 vehementer‘rogante8‚
1836 711 1980 788 hoc
2015 707 2256 791 sedulo

294 831 739 912 procurarem
778 865 799 898 ,
868 826 950 880 ut
1002 809 1093 882 ad
1164 809 1552 882 utilitatem
1601 811 1734 884 Rei
1787 811 2060 885 ublicae
2105 815 2258 887 Au-

295 912 574 986 striacus
609 907 895 980 consilia
924 907 1044 983 sua
1089 905 1349 979 referre
1388 909 1622 983 vellet.
1725 837 1895 984 eloe
1931 908 2258 1009 expressis

298 1007 527 1087 verbis
562 1008 741 1080 mihi
786 1005 1278 1104 injungenteS‚
1331 1024 1410 1079 ut
1460 1007 1482 1078 i
1539 1007 1765 1082 sorum
1821 1011 2104 1084 nomine
2144 1035 2254 1084 re·

294 1109 474 1182 ditus
520 1105 997 1181 maturitatem
1056 1093 1397 1177 instanter
1458 1032 1545 1178 ais)
1610 1107 1728 1180 illo
1763 1107 2254 1207 efflagitarem.

286 1209 447 1304 Ego
494 1229 673 1280 vero
727 1198 1040 1292 interea,
1104 1203 1503 1306 priusquam
1550 1207 1886 1280 Bruxeliis
1947 1210 2256 1282 discede·-
2327 1247 2330 1256 ·

276 1329 428 1378 rem
468 1359 489 1392 ,
546 1326 809 1400 operae
847 1303 1148 1401 pretium
1210 1301 1382 1374 duxi
1424 1358 1443 1390 ‚
1497 1305 1578 1374 'ut
1625 1306 1850 1404 aliqua
1894 1305 2130 1380 saltem
2183 1309 2260 1382 in

266 1419 479 1502 parte
525 1402 685 1475 suae
715 1400 1083 1474 Serenitati
1117 1399 1588 1474 satisfacerem
1613 1457 1634 1491 ‚
1672 1426 1834 1476 cum
1852 1405 2076 1479 Hefio
2105 1409 2250 1504 priv-

264 1501 504 1578 vatim
540 1525 751 1598 agere
783 1558 804 1590 ,
854 1500 971 1595 qui
1003 1500 1644 1573 tum.Bruxellanae
1677 1503 2002 1576 Civitatis
2045 1507 2251 1578 Prae·-

263 1601 669 1690 feeturam‚
724 1600 1005 1671 nemine
1045 1598 1365 1695 quamvis
1404 1599 1721 1672 tradente
1760 1658 1782 1692 ,
1835 1618 2076 1676 tamen
2112 1624 2252 1680 nee
2337 1624 2342 1637 ·

263 1699 865 1788 contradicente,
905 1702 1235 1788 tenebat,
1260 1714 1485 1794 eoque
1527 1695 1782 1789 titulo,
1807 1693 1893 1773 a¹d
1931 1703 2250 1798 corporis
2329 1756 2336 1762 -
2414 1768 2417 1776 .

254 1799 381 1874 sui
420 1796 1183 1887 custodiam,satellitio
1228 1795 1520 1891 stipatus
1565 1799 2022 1890 cernebatur,
2060 1802 2252 1898 apud

255 1905 493 2000 quem
526 1896 762 1968 multis
792 1894 1339 1992 persuasionibus
1381 1912 1658 1966 tantum
1699 1896 1910 1970 effeci
1948 1953 1969 1987 ‚
2024 1919 2098 1972 ut
2130 1923 2250 1972 me

238 2017 244 2022 ·
274 1995 663 2092 praesente
690 1993 1053 2090 stipatores
1079 1993 1232 2068 suos
1259 1992 1770 2090 exauctorarit,
1791 1993 1870 2074 δε
1905 1999 1990 2072 ab
2035 1998 2109 2078 se
2140 1999 2246 2074 di-

256 2093 572 2168 miserit.

366 2191 648 2294 Quibus
700 2190 1046 2286 expeditis
1078 2191 1522 2266 Namurcum
1568 2191 1704 2267 iter
1733 2194 2112 2293 arripiens,
2167 2197 2249 2274 in.

240 2291 724 2380 certiffimam
758 2290 952 2385 spem
998 2290 1335 2364 adductus
1368 2315 1557 2364 eram
1591 2348 1613 2382 ,
1665 2315 1781 2366 me
1814 2294 2007 2367 suam
2047 2293 2248 2368 Sere-

252 2391 570 2466 nitatem
615 2388 855 2466 animo
908 2389 1343 2486 pacatiorem
1389 2391 1742 2464 Bruxellas
1798 2393 2002 2466 brevi
2036 2393 2243 2466 redu-

264 2486 576 2564 S’turum.
690 2487 794 2584 ,At
839 2507 1015 2561 vero
1053 2509 1196 2577 25⁸.
1248 2485 1416 2582 Julii
1445 2508 1532 2572 eo
1575 2489 1923 2584 appellens
1965 2505 2246 2586 praeter

246 2612 554 2663 omnem
604 2585 1013 2685 opinionem
1066 2584 1141 2659 in
1198 2583 1513 2659 Castrum
1567 2583 2054 2663 Namurcense
2092 2589 2242 2689 jam

245 2688 577 2762 eundem
622 2687 690 2760 se
736 2684 1081 2782 recepisse
1144 2682 1479 2775 offendi,
1553 2683 1762 2783 idque
1827 2705 2024 2763 tanta
2078 2712 2248 2768 cum

252 2785 594 2861 *omnium
632 2804 777 2857 tam
824 2781 1298 2857 admiratione
1328 2840 1349 2874 ‚
1398 2807 1608 2895 quam
1663 2780 2056 2863 offenfione
2088 2846 2110 2881 ‚
2161 2804 2242 2864 ut

250 2886 591 2959 omnibus
628 2885 848 2957 etiam
888 2881 1162 2981 optime
1202 2880 1475 2958 affectis
1525 2882 1924 2983 scrupulum
1969 2886 2239 2993 injece·

250 2986 353 3067 rit
397 2984 569 3061 faeti
615 2982 915 3058 forma·
1745 3030 1752 3035 -
2116 3009 2163 3054 x.

360 3084 691 3159 Instituta
718 3082 909 3155 enini
943 3104 1031 3157 ex
1065 3078 1455 3178 composito
1506 3082 1886 3159 venatione
1923 3139 1946 3174 ‚
1996 3080 2078 3157 ὅ(
2121 3084 2245 3176 deq

250 3182 515 3263 siderio
558 3204 684 3279 per
732 3179 1284 3277 oportunitatem
1330 3180 1685 3275 ,videndae
1719 3182 1928 3257 Arcis
1973 3180 2242 3257 fimula-

251 3302 343 3355 to
385 3337 406 3370 ‚
462 3280 824 3380 occupatis
853 3275 1192 3377 praesidio
1217 3278 1442 3376 portis
1474 3336 1496 3371 ,
1563 3280 1772 3355 initio
1805 3278 1985 3353 illius
2033 3304 2238 3379 prae·-

250 3380 454 3459 fec'to
508 3378 746 3452 nescio
794 3402 929 3478 quo
970 3377 1161 3452 facto
1190 3376 1407 3467 fuco,
1482 3402 1640 3451 eam
1695 3374 1890 3454 velut
1939 3400 2030 3453 ex
2077 3379 2238 3457 infi-

252 3479 402 3554 diis
458 3477 799 3551 invadere
861 3476 1047 3551 visus
1106 3474 1228 3553 est.
1363 3477 1523 3584 Qua
1586 3478 1868 3577 quidem
1931 3500 2071 3576 ego
2130 3482 2242 3561 rei

250 3578 594 3657 novitate
642 3576 951 3651 attonite
1006 3575 1351 3674 perculsus
1417 3578 1731 3675 graviter
1773 3574 2078 3675 primum
2126 3580 2235 3655 in-

258 3677 455 3753 dolui
497 3676 810 3751 reditum
858 3700 975 3749 me
1028 3700 1269 3750 meum
1305 3733 1327 3767 ,
1384 3678 1487 3750 uti
1529 3676 1745 3776 juffus
1803 3700 2036 3771 eram,
2083 3674 2230 3756 noti

262 3775 625 3851 maturasse
661 3833 682 3867 ‚
765 3775 949 3873 quod
1012 3799 1127 3849 me
1194 3774 1492 3851 fortassis
1561 3774 1829 3851 factum
1885 3775 2270 3876 impedirex

256 3873 556 3969 potuisse
586 3874 765 3949 mihi
795 3873 1282 3975 persuaderem
1316 3932 1337 3965 ‚
1401 3875 1718 3973 quamvis
1750 3872 2021 3975 pridem
2056 3896 2232 3952 con·-

252 3969 417 4045 filiis
484 3973 761 4075 agitatis
850 3994 1282 4075 conceptum
1360 3996 1445 4049 ac
1515 3974 1882 4075 pei-astum
1951 3976 2233 4053 videre-

252 4086 401 4150 tur.
596 4130 607 4137 -
732 4134 741 4139 .
962 4130 973 4137 -
1062 4128 1067 4133 -
1722 4080 1729 4088 '
1843 4089 1849 4096 ’

2211 2093 2218 2100 ⁴

2217 2127 2224 2134 ι

2073 4165 2254 4267 Porg
