3017 5200
784 560 881 625 20
1022 544 1223 617 CAsr.
1274 538 1552 611 Sem-:rr
1603 530 1848 613 Coun.
1901 497 2001 612 mi
2053 530 2234 611 nez
2279 554 2511 625 mum

782 720 889 795 tio
955 709 1411 791 transaEtioni
1476 706 1560 784 ἃ
1614 711 2042 787 concordiae
2087 711 2284 787 viam
2325 709 2750 811 praecludit}

784 815 990 895 Nihil
1040 813 1327 911 quidem
1377 808 1615 909 potius
1678 813 1926 885 volunt
1996 834 2241 886 omnes
2319 833 2438 885 aut
2521 808 2742 907 magis

789 908 1097 1013 optant,
1148 933 1358 1007 quam
1420 930 1672 1003 pacem
1713 934 1736 998 ;
1818 932 2067 985 verum
2117 909 2196 983 &
2233 909 2405 999 illud
2463 909 2745 1020 eviden-

786 1014 1119 1089 tiffimum
1160 1006 1263 1080 est
1288 1064 1309 1099 ,
1361 1004 1487 1079 ubi
1520 1006 1817 1103 imperio
1857 1030 2002 1081 non
2039 1006 2121 1081 fit
2149 1008 2576 1099 authoritas,
2625 1029 2748 1080 ne-

794 1134 931 1211 que
960 1108 1096 1183 effe
1124 1105 1511 1205 legitimam
1564 1103 1867 1202 parendi
1898 1103 2254 1182 formam:
2303 1107 2477 1180 haec
2532 1127 2751 1204 porro

742 1222 747 1231 '
793 1210 1004 1287 unica
1069 1204 1169 1280 est
1206 1205 1306 1279 ad
1378 1227 1634 1299 pacem
1711 1202 2107 1281 methodus.
2223 1204 2372 1279 Ubi
2419 1203 2756 1302 liquidem

794 1304 1199 1403 Principum
1240 1300 1319 1375 &
1350 1300 1901 1399 Magistratuum
1961 1303 2350 1378 authoritas
2397 1302 2577 1399 apud
2633 1324 2752 1397 po-

792 1409 1043 1507 pulum
1077 1403 1151 1475 in
1186 1418 1678 1497 contemptum
1712 1400 1956 1491 venit,
2009 1401 2089 1477 &
2132 1402 2476 1476 libertatis
2513 1398 2756 1475 factio·

798 1506 872 1581 sa
916 1498 1303 1577 ambitione
1344 1497 1536 1595 leges
1561 1554 1582 1589 ‚
1633 1496 1712 1572 ἃ
1747 1500 2187 1595 superiorum
2228 1500 2578 1599 respeelus
2606 1522 2758 1597 pro·

790 1602 1173 1704 jiciuntur,
1227 1614 1438 1694 atque
1477 1600 1973 1673 conculcantur
2003 1655 2023 1686 ,
2062 1598 2300 1696 justis,
2339 1596 2753 1686 moderatis,

804 1724 889 1776 ac
958 1694 1363 1773 salutaribus
1419 1696 1735 1794 imperiis
1787 1697 2084 1794 explofis
2141 1695 2533 1773 necess‘ario
2600 1718 2756 1792 pro-

790 1796 1057 1894 rumpit
1094 1790 1440 1869 indomita
1474 1796 1865 1891 petulantia
1901 1795 1976 1869 in
2007 1794 2318 1871 funestas
2358 1793 2758 1879 seditiones,

790 1898 875 1975 δε
916 1892 1224 1970 seditiosi
1278 1894 1390 1965 vel
1440 1909 1692 1967 mutua
1758 1894 2034 1967 laniena
2096 1894 2213 1968 vel
2264 1893 2444 1967 duro
2493 1911 2804 1967 extero-.
2923 1930 2925 1937 ·

773 2020 959 2171 -ιέὶιῐη
1033 1990 1113 2065 &
1166 1988 1651 2087 insuportabili
1702 1992 1880 2093 jugo
1955 1990 2046 2065 ad
2119 2012 2521 2066 extremum
2599 1990 2769 2063 mul-

876 2109 1104 2167 antur.
1795 2115 1800 2123 ·
2525 2092 2546 2111 ⁹

897 2192 1098 2288 Quae
1163 2210 1291 2285 per
1373 2184 1874 2283 compendium
1951 2186 2258 2284 praefari
2342 2188 2572 2263 visum
2633 2184 2778 2257 fuit

805 2311 1078 2389 operae
1110 2282 1416 2383 pretium
1453 2340 1477 2375 ,
1530 2305 1607 2357 ut
1653 2284 1962 2360 instituti
2011 2286 2218 2383 hujus
2263 2286 2511 2359 melius
2561 2285 2773 2357 intel-

789 2389 1061 2486 ligatur
1105 2382 1332 2473 ratio,
1378 2402 1592 2479 utque
1641 2384 1882 2458 brevis
1935 2408 2172 2458 rerum
2218 2384 2407 2458 inter
2463 2378 2772 2459 Serenis-

728 2580 737 2585 ·
799 2488 1051 2563 fimum
1100 2480 1550 2557 Austriacum
1581 2477 1662 2554 ἀ
1708 2482 2010 2556 Ordines
2046 2540 2067 2573 ,
2113 2486 2202 2557 ab
2215 2482 2362 2573 {illo
2403 2502 2728 2580 tempore
2749 2535 2771 2569 ,

808 2612 949 2686 quo
989 2580 1131 2681 ipse
1160 2582 1609 2656 Namurcum
1649 2581 1958 2669 recellit,
1995 2582 2306 2658 auarum
2327 2586 2774 2659 Commenta-

800 2685 951 2759 rius
1004 2683 1215 2780 usque
1258 2679 1349 2753 ad
1396 2679 1562 2754 belli
1600 2735 1623 2770 ,
1695 2679 1770 2754 in
1815 2703 1954 2778 quo
1998 2681 2372 2757 haeremus
2402 2740 2423 2773 ‚
2488 2680 2774 2756 initium

804 2783 1073 2883 plenius
1123 2779 1345 2854 intelli
1402 2796 1563 2851 atur
1598 2833 1622 2868 ,
1675 2799 1891 2877 utque
1949 2802 2032 2852 ea
2069 2837 2091 2869 ,
2141 2782 2392 2878 quibus
2432 2781 2582 2878 ipse
2625 2801 2782 2876 pars

797 2881 1107 2958 maxima
1159 2879 1351 2952 inter
1385 2875 1454 2949 ui
1482 2932 1504 2963 ,
1576 2875 1724 2951 hoc
1781 2878 2153 2972 prooemio
2203 2882 2396 2956 velut
2471 2877 2778 2952 delinea-

805 3002 883 3058 ta
914 3039 937 3074 ,
997 2975 1287 3083 proprio
1339 2974 1630 3048 demum
1705 2974 2115 3050 testimonio
2185 2979 2626 3052 absolverem
2665 2973 2780 3048 ἃ

802 3079 1323 3156 confirmarem.
1422 3076 1642 3148 Porro
1689 3091 1770 3148 ut
1815 3073 2024 3172 hujus
2073 3075 2377 3150 instituti
2410 3076 2551 3149 mei
2600 3070 2780 3148 ratio

802 3181 1038 3280 palam
1074 3171 1343 3249 constet
1383 3227 1405 3262 ‚
1456 3172 1766 3271 ingenue
1797 3172 2083 3248 fatebor
2119 3231 2140 3265 ‚
2182 3175 2373 3248 hunc
2421 3199 2538 3248 me
2569 3177 2777 3248 Com·

805 3275 1303 3353 mentatiolum
1375 3269 1712 3369 scripsiffe
1773 3272 1962 3345 nullo
2025 3273 2170 3346 alio
2219 3273 2452 3349 studio
2489 3331 2511 3366 ,
2574 3293 2777 3374 quam

810 3375 1003 3476 quod
1033 3372 1368 3472 plurimos
1417 3370 1509 3444 de
1558 3368 1776 3445 caufis
1823 3370 2018 3468 rupti
2067 3371 2377 3446 foederis
2413 3393 2776 3472 perperam

804 3473 1064 3550 sentire
1097 3528 1119 3564 ,
1167 3469 1246 3545 &
1279 3493 1394 3544 me
1436 3493 1710 3568 quoque
1769 3470 1990 3542 malae
2036 3471 2206 3546 fidei
2251 3490 2426 3546 nota
2463 3469 2781 3569 perstrin-

860 3569 1435 3659 ianimadverti‚
1484 3569 1732 3665 quibus
1773 3566 2001 3639 nostra
2046 3565 2183 3644 hac
2227 3594 2390 3643 cura
2454 3593 2605 3644 non
2655 3565 2780 3640 erit

805 3598 1095 3746 {ifficile
1138 3668 1520 3742 veritatem
1547 3665 1650 3738 rei
1695 3689 1736 3738 e
1779 3665 2026 3739 veraci
2077 3667 2483 3743 testimonio
2517 3690 2777 3766 cogno-

806 3770 1041 3859 scere,
1096 3791 1305 3865 quare
1343 3765 1443 3838 ita
1468 3765 1540 3838 se
1578 3787 1731 3837 rem·
1760 3761 2062 3854 habere,
2112 3766 2214 3840 uti
2245 3764 2364 3840 hic
2397 3766 2777 3852 referetur,

804 3869 1139 3944 Lefiffires
1176 3863 1533 3952 obtestor,
1589 3881 1664 3934 ut
1707 3861 1927 3935 fidem
1965 3862 2293 3939 habeant.

918 3963 1431 4040 Sereniflimum
1456 3963 1807 4058 Joannem
1837 3958 2280 4035 Austriacum
2297 4017 2322 4050 ‚
2344 3961 2784 4061 posteaquam

806 4062 1147 4144 Kalendis
1165 4053 1378 4160 Maji,
1404 4057 1700 4160 utsupra
1715 4055 1894 4152 dixi,
1912 4082 2094 4144 anno
2115 4084 2395 4144 uxvn.
2424 4061 2785 4147 Bruxellis‚

860 4215 868 4223 -
2621 4179 2791 4257 quae

2925 2061 2927 2121 1
